2084 3246
880 183 1069 218 TRISTIA
1102 184 1179 220 111.

991 296 1076 342 VI.

194 423 386 528 Foffidus
410 422 649 467 amicitiae
672 437 760 466 1130
787 422 876 486 viss
900 422 1164 474 carissime,
1187 427 1400 476 nostrae,

305 498 359 528 ec
381 483 424 528 si
444 482 572 527 forte
593 482 729 534 velis,
753 481 1067 526 dissimulare
1085 489 1236 538 potes.

194 544 362 589 Donec
383 543 512 588 enim
534 543 688 594 licuit,
709 557 798 586 nec
820 550 869 585 te
891 543 1009 585 mihi
1035 543 1192 586 carior
1213 543 1352 593 alter,

253 603 357 648 Nec
378 603 471 648 tibi
491 617 569 646 me
591 608 697 647 tota
717 603 932 646 iunctior
955 601 1089 646 Urbe
1110 601 1221 646 fuit.

192 663 343 721 Isque
366 668 469 708 erat
491 677 646 721 usque
666 662 787 706 adeo
807 662 990 720 populo
1010 667 1244 714 testatus,
1266 666 1323 705 ut
1347 664 1474 706 esset

253 724 412 767 Paene
443 724 602 790 magis
634 737 780 780 quam
811 729 868 766 tu
901 737 1144 780 quamque
1177 737 1268 780 ego
1300 729 1460 789 notus,
1492 735 1639 768 amor.

195 782 413 841 [Quique
434 788 512 827 est
534 784 584 826 in
606 783 732 827 caris
755 783 906 826 animi
927 782 1018 826 tibi
1035 759 1234 826 candor-0
1235 782 1419 826 amicis.

255 842 462 910 Cognita
485 848 602 887 sunt
622 843 734 901 ipsi,
757 857 899 900 quem
924 842 1056 893 colis,
1079 843 1177 886 ista
1196 843 1313 885 viro.
1319 840 1338 897 ]

192 902 278 948 Nil
300 903 371 947 ita
391 902 595 954 celabas,
618 908 676 946 ut
698 917 797 945 non
819 917 908 957 ego
931 902 1152 946 conscius
1177 917 1348 952 3333111,

254 963 637 1020 Pectoribusque
657 963 807 1006 dabas
831 963 988 1006 multa
1008 962 1218 1014 tegenda
1249 962 1367 1005 meis
1388 981 1397 1006 :

193 1022 384 1081 Cuique
404 1037 494 1081 ego
516 1023 773 1066 narrabam
798 1023 972 1066 secreti
994 1022 1227 1080 quiequid
1250 1022 1501 1075 habebam,

261 1083 475 1140 Excepto
497 1082 626 1150 quod
647 1097 724 1125 me
745 1082 973 1140 perdidit,
995 1097 1123 1125 unus
1146 1097 1265 1125 eras.

191 1141 253 1187 Id
275 1157 466 1201 quoque
488 1142 529 1187 si
552 1143 740 1193 scisses,
767 1142 899 1186 salvo
920 1142 1138 1186 fruerere
1160 1142 1326 1194 sodali,

256 1202 569 1270 Consilioque
588 1203 742 1246 forem
765 1217 948 1260 3031133.
972 1202 1138 1254 amice,
1160 1209 1260 1246 tuo.

196 1261 295 1307 Sed
316 1277 424 1307 mea
445 1277 521 1306 me
542 1262 594 1306 in
615 1277 821 1320 poenam
842 1262 1075 1305 nimirum
1098 1263 1194 1306 fata
1216 1269 1261 1305 11
1265 1262 1501 1309 ahebant

255 1321 412 1367 Omne
432 1322 584 1366 bonae
607 1322 835 1367 claudent
858 1322 1087 1366 utilitatis
1114 1323 1221 1366 iter.

196 1380 312 1427 Sive
333 1382 516 1426 malum
536 1382 675 1440 potui
696 1389 862 1427 tamen
882 1382 972 1426 hoc
994 1383 1153 1425 vitare
1176 1381 1403 1434 cavendo,

259 1440 356 1486 Seu
375 1442 500 1486 ratio
521 1443 677 1486 fatum
698 1443 894 1486 vincere
916 1443 1050 1485 nulla
1071 1442 1203 1486 valet
1223 1461 1231 1485 :

193 1500 269 1546 Tu
289 1506 467 1554 tamen,
490 1516 517 1546 0
537 1502 678 1546 nobis
699 1517 796 1546 usu
816 1502 1124 1546 iunctissime
1144 1503 1306 1559 longo,

253 1561 373 1605 Pars
397 1562 626 1606 desiderii
647 1563 857 1606 maxima
877 1577 1029 1620 paene
1050 1562 1161 1613 mei,

197 1619 276 1666 Sis
298 1637 496 1675 memor,
518 1628 568 1666 et
591 1622 755 1680 siquas
778 1621 894 1666 fecit
916 1622 1005 1665 tibi
1027 1622 1186 1680 gratia-
1206 1621 1350 1672 vires,

254 1680 372 1725 Illas
395 1697 483 1739 pro
503 1682 644 1725 nobis
666 1683 923 1739 experiare,
946 1696 1079 1732 rogo.

192 1739 425 1785 Numinis
448 1747 505 1786 ut
523 1742 642 1785 laesi
662 1741 747 1785 fiat
773 1742 1070 1785 mansuetior
1091 1741 1178 1792 ira,

252 1800 543 1870 Mutatoque
563 1802 722 1846 minor
745 1802 809 1845 sit
832 1817 938 1845 mea
958 1817 1113 1859 poena
1133 1803 1250 1852 loco,

194 1859 351 1918 quue
372 1862 455 1912 ita,
479 1861 522 1905 si
543 1861 733 1904 nullum
756 1863 910 1905 3031113
935 1869 1011 1905 331
1043 1877 1093 1904 111
1116 1872 1310 1918 pectore
1333 1867 1517 1914 nostro,

253 1920 652 1979 Principiumque
675 1922 768 1965 mei
789 1922 1006 1965 criminis
1030 1936 1106 1965 eri
1110 1936 1164 1965 or
1183 1921 1345 1965 habet.

191 1978 296 2024 Nec
316 1981 464 2025 breve
486 1996 573 2025 nec
594 1986 774 2033 tutum,
797 1996 893 2048 quo
916 1982 1017 2025 31111
1041 1996 1159 2032 11133,
1183 1981 1357 2032 dicere,
1381 1994 1500 2025 casu

255 2039 465 2085 Lumina
485 2040 670 2084 funesti
692 2042 884 2084 conscia
903 2041 1033 2084 facta
1053 2041 1197 2084 mali·
1189 2074 1199 2092 ,

194 2099 432 2157 Mensque
449 2099 748 2152 reformidat,
772 2101 926 2144 veluti
949 2116 1038 2144 sua
1059 2101 1274 2150 vulnera,
1298 2107 1494 2157 tempus

255 2159 401 2213 Illud,
424 2165 474 2204 et
496 2161 747 2204 admonitu
771 2161 825 2203 fit
847 2175 1002 2203 novus
1027 2161 1130 2215 ipse
1154 2160 1324 2217 pudor,

196 2218 264 2263 Et
286 2234 618 2278 quaecumque
639 2220 756 2264 adeo
778 2231 986 2277 possunt
1009 2220 1183 2263 afferre
1209 2219 1461 2278 pudorem,

257 2278 355 2323 Illa
372 2280 477 2337 tegi
497 2294 639 2324 caeca
661 2280 860 2324 condita
880 2287 1023 2323 110013
1046 2280 1197 2323 decet.
1395 2300 1399 2302 *

194 2337 282 2383 Nil
303 2339 458 2396 igitur
476 2339 699 2391 referam,
715 2340 813 2382 nisi
835 2354 911 2382 me
932 2354 1172 2397 peccasse,
1197 2337 1282 2382 sed
1303 2337 1385 2383 illo

255 2397 478 2442 Praemia
497 2405 698 2457 peccato
721 2400 858 2443 nulla
877 2400 1033 2456 petita
1054 2399 1189 2450 mihi,

200 2457 572 2516 Stultitiamque
591 2474 753 2502 meum
779 2460 962 2503 crimen
985 2459 1160 2502 debere
1181 2456 1358 2508 vocari,

255 2517 468 2562 Nomina
489 2519 531 2562 si
550 2518 683 2562 facto
703 2519 906 2562 reddere
928 2533 1041 2561 vera
1061 2518 1200 2561 velis.

197 2575 332 2632 Quae
355 2578 397 2621 si
416 2593 515 2622 non
537 2578 608 2622 ita
630 2579 972 2629 sunt—alium,
996 2593 1090 2634 quo
1112 2576 1308 2634 longius
1332 2575 1503 2629 absim,

259 2636 446 2693 Quaere
460 2637 815 2682 l-—suburbana
836 2643 910 2681 est
932 2637 1011 2680 hic
1033 2637 1152 2680 mihi
1174 2642 1307 2682 terra
1326 2635 1474 2680 locus.

912 2818 1032 2863 VII.

199 2926 339 2972 Vade
362 2927 641 2980 salutatum,
665 2929 828 2972 subito
849 2934 1089 2986 perarata,
1114 2927 1356 2979 Perillam,

259 2986 464 3040 Littera,
489 2988 724 3031 sermonis
748 2988 845 3031 fida
866 2989 1095 3032 ministra
1117 2987 1210 3030 mei
1228 2987 1238 3030 1

1812 171 1875 222 21

1825 958 1881 1002 10

1821 1257 1879 1302 15

1822 1556 1879 1601 20

1825 2153 1883 2198 30

1827 2449 1884 2496 35
