2132 3262
843 94 1036 129 TRISTIA
1074 95 1151 132 111.

647 677 1113 741 TRISTIA
1184 679 1347 745 [II.

881 833 1115 855 —000—

978 944 1019 991 1.

141 1060 171 1079 “
190 1055 377 1102 Missus
409 1055 460 1101 in
492 1055 618 1101 hanc
650 1055 792 1102 venio
826 1056 1013 1104 timide,
1050 1057 1171 1101 libor
1203 1057 1374 1110 ρευῐίς,
1409 1058 1608 1104 wr'mem:

207 1117 282 1163 Da
304 1118 544 1177 plac-idam
569 1120 713 1170 fesso,
738 1119 889 1162 lector
910 1118 1079 1169 amice,
1104 1133 1303 1162 manum
1327 1140 1336 1171 3

140 1176 283 1224 Neve
304 1177 581 1231 reformida,
604 1194 665 1222 ne
689 1179 782 1223 sim
806 1178 896 1224 tibi
920 1179 1046 1222 forte
1070 1179 1244 1237 pudori
1267 1199 1275 1222 :

205 1239 388 1285 Nullus
411 1239 460 1283 in
483 1238 575 1284 hac
598 1238 768 1284 charta
790 1254 964 1284 versus
988 1254 1153 1283 amare
1177 1240 1333 1284 docet.

143 1298 282 1345 Haec
303 1299 490 1345 dommi
513 1299 714 1345 fortuna
737 1301 831 1344 mei
855 1307 945 1351 est,
970 1310 1025 1344 ut
1048 1300 1221 1345 debeat
1246 1301 1380 1345 illam

204 1359 385 1405 Infelix
409 1361 558 1405 nullis
581 1361 892 1405 dissimulare
915 1361 1050 1405 iocis.

141 1419 204 1467 Id
249 1435 458 1490 quoqne,
498 1421 632 1480 quod
675 1421 822 1466 viridi
866 1422 1110 1480 quondam
1156 1422 1281 1466 male
1330 1422 1447 1467 lusit
1496 1422 1545 1466 in
1593 1435 1726 1476 aevo,

206 1481 320 1527 Heu
343 1482 552 1526 nimium
576 1482 714 1527 sero!
746 1482 948 1527 damnat
966 1489 1015 1527 et
1038 1482 1142 1527 odit
1163 1497 1303 1541 opus.

142 1540 354 1601 Inspice,
377 1541 498 1602 quid
521 1542 742 1602 portem!
777 1543 902 1587 nihil
925 1543 1004 1587 hic
1027 1543 1120 1587 nisi
1146 1545 1291 1588 triste
1315 1543 1515 1597 videbis,

203 1602 435 1650 Carmine
456 1603 764 1662 temporibus
788 1605 1112 1648 conveniente
1135 1604 1253 1647 suis.

140 1662 330 1710 clauda
351 1663 482 1723 qnod
503 1664 696 1709 alterno
719 1664 985 1709 subsidunt
1008 1665 1225 1708 carmina
1248 1679 1409 1718 versu,

200 1723 298 1770 Vel
319 1724 460 1784 pedis
483 1724 573 1770 hoc
594 1725 737 1776 ratio,
761 1726 836 1769 vel
860 1726 937 1769 via
960 1726 1104 1782 longa
1130 1726 1268 1778 sacit3

139 1783 287 1843 Quod
306 1800 468 1845 neque
491 1800 601 1830 sum
624 1785 770 1830 cedro
792 1786 949 1830 flavus
973 1801 1061 1830 nec
1086 1786 1279 1844 pumice
1301 1782 1441 1840 levis,

202 1845 393 1891 Erubui
415 1845 613 1891 domino
633 1846 814 1891 cultior
835 1861 944 1891 esse
966 1861 1072 1891 tneo
1091 1865 1101 1899 ;

140 1905 335 1952 Littera
355 1906 571 1952 suffusas
594 1906 726 1965 qnod
748 1906 895 1952 habet
918 1907 1165 1952 maculosa
1186 1907 1377 1961 lituras,

200 1965 371 2012 Laesit
392 1982 516 2026 opus
539 1967 754 2012 lacrimis
776 1967 883 2026 ipse
904 1974 1049 2026 poeta
1072 1982 1232 2012 suum.

141 2026 303 2087 Siqua
321 2027 624 2072 videbuntur
644 2043 759 2073 casn
783 2043 880 2072 non
903 2029 1039 2073 dicta
1062 2027 1252 2082 Latine,

202 2088 267 2133 In
287 2103 385 2148 qua
406 2088 664 2140 scribebat,
686 2088 894 2133 barbam
914 2097 1050 2134 terra
1073 2089 1180 2133 suit.

138 2147 318 2202 Dicite,
339 2149 561 2202 lectores,
584 2149 626 2194 si
646 2163 744 2194 non
766 2164 930 2207 grave,
953 2164 1052 2208 qua
1072 2150 1139 2193 sit
1162 2148 1395 2203 eundum,

202 2207 435 2269 Quasque
454 2216 620 2268 petam
643 2210 782 2254 sedes
808 2210 984 2268 hospes
1007 2210 1058 2253 in
1083 2209 1218 2255 Urbe
1239 2207 1410 2254 liber.”

139 2268 276 2316 Haec
300 2269 385 2315 ubi
405 2285 518 2315 sum
538 2270 714 2315 furtim
736 2271 908 2329 lingua
929 2270 1180 2315 titubante
1212 2270 1423 2323 locutus,

202 2329 299 2388 Qui
319 2330 444 2375 mihi
464 2337 777 2384 monstraret,
801 2332 882 2374 vix
904 2330 1003 2376 fuit
1024 2346 1167 2383 unus,
1190 2331 1300 2375 iter.

135 2393 168 2413 ‘⁸
185 2389 251 2435 Di
270 2390 364 2436 tibi
385 2391 518 2445 dent,
541 2397 714 2436 nostro
734 2392 865 2450 quod
889 2406 986 2435 non
1008 2392 1228 2436 tribuere
1249 2397 1438 2450 poetae,

199 2450 420 2497 Molliter
440 2452 493 2496 in
514 2452 678 2511 patria
698 2452 864 2496 vivere
886 2466 1030 2510 posse
1051 2452 1164 2496 tua!

137 2509 250 2557 Duc
271 2512 391 2570 age!
424 2527 638 2572 namque
660 2527 852 2572 sequar,
876 2513 1102 2571 quamvis
1125 2518 1355 2570 terraque
1383 2510 1603 2570 marique

199 2571 496 2632 Longinquo
515 2573 726 2618 referam
751 2573 911 2618 lassus
932 2573 993 2617 ab
1015 2573 1131 2617 orbe
1157 2571 1378 2631 pedem.”

139 2631 327 2687 Paruit,
348 2639 398 2678 et
420 2633 606 2678 ducens
629 2629 809 2678 “Haec
833 2638 951 2678 sunt
972 2632 1079 2677 fora
1101 2631 1373 2684 Caesaris‚’'
1396 2631 1559 2691 inquit

200 2696 228 2715 “
244 2692 383 2738 Haec
404 2698 482 2740 est
503 2708 534 2738 a
555 2694 707 2738 sacris
729 2709 854 2753 quae
875 2695 956 2738 via
975 2708 1155 2738 nomen
1177 2693 1340 2745 habet,

138 2751 237 2798 Hic
257 2753 394 2799 locus
416 2758 494 2798 est
515 2753 712 2807 Vestae,
734 2755 820 2812 qui
844 2753 1043 2799 Pallada
1065 2759 1231 2798 servat
1253 2760 1303 2799 et
1324 2754 1507 2810 ignem,

199 2812 336 2860 Haec
354 2812 454 2859 fuit
471 2814 667 2874 antiqui
688 2815 826 2873 regia
845 2829 996 2872 parva
1015 2813 1255 2858 Numae.''

136 2871 264 2918 Inde
282 2879 459 2933 petens
481 2873 706 2919 dextram
727 2878 754 2896 “
769 2875 919 2919 Porta
942 2881 1018 2919 est
1034 2873 1061 2892 '⁹
1084 2874 1153 2919 ait
1176 2874 1317 2918 “ista
1339 2871 1514 2924 Palati,

199 2932 299 2979 Hic
324 2933 508 2987 Stator,
529 2934 623 2980 hoc
642 2934 856 2992 primum
881 2935 1077 2979 condita
1097 2932 1255 2978 Roma
1274 2933 1380 2978 loco
1400 2929 1524 2976 est-'⁹

1784 91 1850 138 13

1791 1603 1850 1649 10

1790 2204 1851 2251 20

1787 2508 1847 2556 25
