2051 3181
223 60 286 106 14
901 82 1091 117 TRISTIA
1127 86 1201 119 ΠΙ.

223 191 426 248 Singula
446 193 561 237 dum
583 195 745 248 miror,
768 197 906 243 video
928 199 1229 257 fulgentibus
1252 204 1398 249 armis

280 250 575 309 Conspicuos
599 261 759 311 postes
782 262 1002 315 tectaque
1024 261 1174 317 digna
1194 262 1296 307 deo.

219 311 245 330 “
265 309 327 353 Et
347 310 477 355 Iovis
495 312 610 357 haec
630 313 654 331 ''
677 315 775 358 dixi
796 320 822 337 “
840 317 1013 362 domus
1035 327 1108 363 est
1123 321 1143 364 P
1160 320 1185 338 ”
1208 323 1334 380 quod
1357 327 1413 368 ut
1429 338 1535 370 esse
1555 332 1789 383 putarem,
1822 328 1886 374 35

277 369 555 427 Augurium
577 375 730 418 menti
751 388 936 431 querna
955 393 1127 422 corona
1148 380 1304 424 dabat.

221 427 374 472 Cuius
396 436 449 473 ut
472 432 632 488 accepi
655 432 916 488 dominum,
942 440 967 457 ‘⁶
984 437 1095 481 Non
1117 440 1369 492 fallimur,'‘
1391 442 1585 500 inquam

279 490 303 507 ‘⁶
326 487 386 531 Et
409 492 573 547 magni
595 505 762 535 verum
785 499 858 538 est
882 495 1003 539 hanc
1027 497 1155 541 Iovis
1178 514 1283 543 esse
1309 501 1519 546 domum.

220 545 320 590 Cur
341 553 503 592 tamen
526 551 747 607 opposita
767 554 957 598 velatur
978 556 1122 601 ianua
1143 558 1291 610 lauro,

279 606 363 648 Cin
373 607 442 663 git
467 613 515 651 ei:
537 617 773 667 augustas
795 613 937 656 arbor
958 629 1104 671 opaca
1125 631 1284 662 comas
1303 618 1324 663 ?

218 663 348 706 Num
374 666 485 722 quia
507 675 763 724 perpetuos
786 673 963 716 meruit
986 674 1157 720 domus
1180 677 1275 721 ista
1295 679 1583 737 triumphos,

275 724 354 766 An
377 726 491 781 quia
514 726 752 772 Leucadio
774 744 961 788 semper
981 740 1140 777 amata
1160 735 1247 780 deo
1269 743 1360 788 est,

215 781 392 839 Ipsane
412 786 540 842 quod
562 785 689 831 festa
709 796 796 841 est,
819 804 881 832 an
903 793 1028 847 quod
1051 793 1170 837 facin
1192 797 1351 839 omnia
1371 796 1498 841 festa
1513 799 1534 842 Ρ

277 842 431 897 Quam
453 844 626 889 tribuit,
649 849 809 900 terris,
832 851 963 906 pacis
986 866 1044 894 an
1068 853 1165 898 ista
1186 861 1301 898 nota
1323 856 1431 900 est?

217 900 380 958 ‘thue
402 902 525 947 viret
548 919 737 961 semper
758 907 924 951 laurus
945 925 1033 954 nec
1056 911 1226 955 fronde
1249 915 1428 958 caduca

277 960 518 1018 Carpitur,
538 968 789 1008 aeternum
814 967 881 1011 sie
902 968 1046 1012 habet
1068 971 1152 1014 illa
1174 972 1318 1015 decus
1339 974 1358 1016 Ρ

217 1020 373 1064 Causa
397 1024 726 1079 superpositae
749 1027 930 1083 scripto
952 1035 1132 1073 testata
1154 1046 1352 1076 coronae
1375 1043 1449 1078 cst:
1468 1052 1478 1079 ε

279 1079 504 1124 servatos
527 1083 656 1126 cives
679 1084 858 1129 indicat
882 1087 1024 1130 huius
1047 1104 1150 1145 ope.

214 1138 365 1182 Adice
388 1141 589 1184 servatis
611 1157 776 1195 unum,
800 1154 939 1202 pater
964 1149 1159 1204 optime,
1181 1150 1347 1204 civem,

275 1197 366 1253 Qui
389 1200 553 1256 procul
574 1211 786 1246 extremo
809 1206 976 1260 pulsus
998 1207 1047 1250 in
1071 1208 1183 1252 orbe
1214 1210 1346 1262 laten,

215 1255 276 1299 In
299 1273 392 1314 quo
416 1272 688 1314 poenarum,
712 1277 829 1319 quas
853 1279 903 1308 se
925 1267 1160 1312 meruisse
1181 1268 1376 1322 fatetur,

274 1316 379 1359 Non
407 1319 585 1362 facinus
608 1335 816 1373 causam,
840 1324 924 1367 sed
948 1340 1065 1369 suus
1086 1341 1219 1372 error
1241 1329 1396 1373 habet.

213 1374 294 1418 Me
326 1377 588 1421 miserum!
638 1394 900 1439 vereorque
931 1384 1089 1428 locum
1121 1402 1381 1446 vereorque
1412 1394 1676 1447 potentem,

274 1434 338 1479 Et
360 1437 576 1493 quatitur
597 1440 787 1496 trepido
809 1441 970 1486 littera
992 1450 1158 1490 nostra
1179 1453 1325 1492 metu.

217 1492 407 1551 Aspicis
429 1498 638 1551 exangui
658 1499 877 1544 chartam
899 1503 1076 1559 pallere
1097 1506 1286 1552 colore?

273 1554 462 1610 Aspicis
483 1556 698 1601 alternos
720 1559 1026 1606 intremuisse
1048 1565 1231 1621 pedes?

213 1611 635 1672 Quandocumque,
659 1631 840 1673 precor,
862 1630 1028 1666 nostro
1050 1626 1235 1680 plac-ere
1256 1627 1449 1683 parenbi

271 1671 433 1715 Isdem
457 1678 497 1716 et
520 1675 609 1718 sub
631 1675 838 1721 dominis
859 1682 1095 1738 aspiciare
1116 1683 1286 1728 domus
1307 1685 1360 1729 !''

212 1730 336 1774 Inde
357 1739 525 1777 tenore
546 1736 647 1790 pari
671 1738 900 1792 gradibus
924 1741 1150 1786 sublimia
1171 1744 1310 1788 celsis

273 1790 433 1834 Ducor
454 1793 515 1835 ad
534 1793 720 1838 intonsi
739 1798 941 1841 candida
963 1802 1144 1854 templa
1164 1803 1252 1855 dei,

215 1848 361 1905 Signa
384 1853 650 1908 peregrinis
673 1856 756 1897 ubi
780 1864 894 1901 sunt
915 1859 1100 1904 alterna
1123 1862 1372 1916 columnis,

273 1909 462 1953 Belides
486 1920 535 1954 et
559 1913 730 1958 stricto
753 1915 984 1961 barbarus
1007 1934 1119 1963 ense
1140 1927 1291 1977 pater,

214 1966 441 2026 Quaeque
464 1971 554 2013 viri
576 1972 714 2016 docto
737 1980 924 2020 veteres
946 1992 1114 2034 cepere
1134 1981 1343 2039 novique

270 2028 482 2081 Pectore,
503 2030 699 2075 lecturis
721 2033 1021 2091 inspicienda·
1043 2044 1224 2094 patent.

213 2085 506 2141 Quaeiebam
528 2089 715 2143 fratres,
739 2096 947 2150 exceptis
972 2097 1151 2142 scilicet
1172 2099 1280 2151 illis,

273 2145 401 2201 Quos
427 2162 542 2192 suus
566 2157 753 2207 opta-ret:
775 2167 872 2196 non
894 2156 1120 2210 genuisse
1141 2164 1294 2214 pater.

212 2205 531 2261 Quaerentem
552 2208 735 2253 frustra
755 2219 919 2256 eustos
943 2229 967 2257 e
989 2215 1182 2259 sedibus
1204 2217 1300 2261 illis

271 2265 579 2321 Praeposit-us
604 2275 769 2313 sanc-to
790 2271 933 2315 iussit
955 2273 1084 2317 abire
1106 2275 1222 2319 loco.

209 2323 379 2367 Altera
402 2327 579 2382 templa
602 2334 726 2384 peto,
749 2329 905 2373 vicino
925 2332 1089 2376 iuncta
1118 2335 1310 2379 theatro
1329 2354 1338 2378 :

273 2384 400 2427 Haec
421 2400 607 2442 quoquc
630 2394 765 2432 erant
786 2390 988 2446 pedibus
1011 2407 1106 2436 non
1127 2393 1349 2437 adeunda
1371 2396 1503 2439 meis.

209 2440 311 2485 Nec
334 2459 421 2494 me,
444 2459 565 2500 quae
586 2446 739 2490 doctis
761 2456 1025 2505 patuerunt
1047 2452 1200 2508 prima
1219 2454 1408 2506 libellis,

270 2503 410 2545 Atria
435 2503 651 2548 Libertas
675 2512 875 2564 tangere
896 2524 1037 2565 passa
1060 2525 1145 2554 sua
1166 2516 1254 2555 est.

208 2558 270 2603 In
292 2577 444 2618 genus
465 2566 676 2607 auctoris
697 2567 860 2609 miseri
880 2567 1075 2613 fortuna,
1093 2571 1349 2623 redundat,

270 2621 333 2663 En
354 2622 564 2678 patimur
585 2625 700 2675 nati,
721 2639 862 2681 quam
886 2628 1004 2671 tulit
1025 2629 1144 2685 ipse,
1165 2629 1346 2685 fugam.

209 2678 431 2724 Forsitan
455 2686 503 2725 et
524 2682 661 2725 nobis
684 2685 798 2727 olim
820 2687 979 2728 minus
1002 2702 1144 2744 asper
1164 2693 1212 2731 eh
1232 2689 1308 2732 illi

269 2739 470 2783 Evictus
491 2741 638 2798 longo
659 2750 876 2799 tempore
900 2744 1076 2788 Caesar
1097 2748 1204 2791 erit.

1819 624 1879 670 40

1821 1215 1883 1261 50

1819 1511 1882 1556 55

1816 2102 1878 2147 65

1815 2362 1921 2442 70'

1810 2690 1873 2737 75

208 2796 286 2847 Di,
307 2814 487 2855 precor,
509 2807 656 2857 atque
679 2802 1009 2860 adeo—neque
1032 2806 1159 2847 enim
1179 2806 1299 2849 mihi
1319 2807 1463 2851 turba
1481 2809 1694 2864 roganda
1715 2814 1791 2878 est·
1810 2833 1865 2841 —

269 2857 457 2908 Caesar,
480 2859 590 2903 ades
616 2871 739 2912 voto,
761 2862 965 2906 maxime
987 2863 1109 2915 dive,
1131 2866 1266 2909 meo!
