2084 3246
849 201 1037 238 TRISTIA
1074 207 1149 242 111.

959 334 1020 379 X.

154 429 318 490 Siquis
339 434 499 481 adhuc
519 437 631 483 istic
651 444 875 488 meminit
898 445 1109 494 Nasonis
1132 453 1362 512 adempti,

208 492 273 536 Et
295 502 521 551 superest
543 499 647 544 sine
667 516 746 546 me
766 519 942 550 nomen
966 510 1015 551 in
1044 511 1173 556 Urbe
1198 530 1374 570 meum,

150 549 469 610 Suppositum
505 559 663 604 stellis
702 577 968 623 numquam
1009 575 1324 629 tangentibus
1361 593 1543 639 aequor

204 611 284 657 Me
306 615 425 660 sciat
447 616 499 661 in
521 620 681 665 media
703 623 865 669 vivere
887 626 1125 675 barbaria.

147 669 461 720 Sauromatae
481 677 704 735 cingunt,
725 682 830 728 fera
853 700 987 744 gens,
1011 689 1247 752 Bessique
1272 695 1533 759 Getaeque,

203 731 359 788 Quam
382 751 478 780 non
498 738 695 797 ingenio
716 745 914 791 nomina
935 748 1085 805 digna
1108 768 1214 798 meo
1233 756 1242 799 Ξ

140 789 271 836 Dum
294 801 457 840 tamen
478 812 599 843 aura
621 806 771 860 tepet,
794 807 952 851 medio
974 810 1284 860 defendimur
1307 818 1481 866 Histro
1502 841 1512 867 :

201 852 291 898 Ille
314 856 416 900 suis
438 857 654 916 liquidus
680 863 802 909 bella
822 868 1017 924 repellit
1039 875 1192 930 aquis.

137 909 207 956 At
229 928 340 958 cum
363 916 522 963 tristis
548 919 704 967 hiems
728 927 998 983 squalentia
1021 936 1226 987 protulit
1248 951 1344 991 ora,

195 971 438 1034 Terraque
461 993 729 1028 marmoreo
751 992 826 1031 est
849 989 1056 1035 candida
1078 992 1209 1039 facta
1231 998 1358 1054 gelu,

134 1029 266 1077 Dum
289 1043 426 1092 patet
447 1045 495 1083 et
518 1039 686 1087 boreas
709 1050 757 1089 et
780 1046 861 1090 nix
886 1049 1066 1095 iniecta
1090 1056 1180 1099 sub
1203 1064 1353 1113 arcto,

192 1092 316 1138 Tum
338 1102 474 1154 patet
496 1098 583 1143 has
607 1109 778 1159 gentes
800 1122 888 1151 axe
910 1114 1151 1158 tremente
1175 1120 1339 1172 premi.

131 1148 230 1196 Nix
252 1154 392 1208 iacet,
415 1163 466 1201 et
487 1158 662 1205 iactam
686 1178 746 1208 ne
769 1167 839 1210 sol
861 1170 1153 1231 pluviaeque
1174 1180 1439 1235 resolVant,

190 1212 400 1259 Indurat
421 1217 590 1265 boreas
614 1229 996 1287 perpetuamque
1015 1232 1150 1279 facit.

128 1270 261 1330 Ergo
280 1276 365 1320 ubi
386 1277 588 1324 delicuit
610 1285 828 1330 nondum
846 1290 995 1345 prior,
1016 1293 1170 1339 altera
1191 1300 1341 1354 venit,

186 1333 253 1377 Et
277 1335 398 1381 solet
418 1337 469 1381 in
493 1343 661 1387 multis
685 1344 815 1390 bima
839 1363 1033 1395 manere
1055 1354 1188 1400 locis.

125 1391 376 1453 Tantaque
397 1403 625 1445 commoti
649 1404 723 1448 vis
746 1416 821 1450 est
843 1411 1099 1467 aquilonis,
1124 1424 1179 1461 ut-
1212 1418 1336 1465 altas

182 1454 375 1512 Aequet
396 1456 544 1504 humo
567 1471 731 1508 turres
754 1473 980 1527 tectaque
1001 1484 1144 1531 rapta
1165 1476 1306 1524 ferat.

123 1510 338 1559 Pellibus
361 1522 410 1560 et
433 1520 561 1564 sutis
583 1531 749 1570 arcent
774 1529 902 1572 mala
923 1530 1107 1589 frigora
1133 1536 1304 1594 bracis,

183 1572 374 1634 Oraque
396 1577 455 1622 de
476 1585 580 1624 toto
600 1597 799 1642 corpore
822 1589 925 1633 sola
946 1601 1130 1647 patent.

120 1630 276 1692 Saepe
298 1643 477 1682 sonant
500 1642 622 1686 moti
643 1646 799 1701 glacie
823 1651 1066 1706 pendente
1088 1657 1264 1714 capilli,

178 1693 243 1738 Et
266 1695 394 1742 nitet
416 1698 620 1746 inducto
638 1707 846 1752 candida
868 1709 1019 1756 barba
1039 1716 1149 1772 gelu
1169 1734 1180 1770 ;

116 1750 361 1813 Nudaque
383 1760 675 1816 consistunt,
698 1765 904 1814 formam
928 1776 1175 1820 servantia
1195 1784 1366 1834 testae,

147 1821 149 1823 ’
173 1812 304 1858 Vina
324 1831 414 1861 nec
429 1818 607 1866 hausta
627 1826 766 1878 meri,
790 1829 877 1873 sed
899 1831 1015 1876 data
1035 1834 1201 1882 frusta
1223 1839 1415 1888 bibunt.

117 1869 248 1928 Quid
269 1874 453 1934 loquar,
477 1885 533 1925 ut
554 1882 709 1929 vincti
731 1899 1046 1937 concrescant
1070 1896 1252 1952 frigore
1274 1901 1384 1956 rivi,

172 1932 341 1993 Deque
363 1936 474 1983 lacu
495 1939 696 2000 fragiles
719 1947 1017 1996 effodiantur
1037 1970 1191 2012 aquae
1207 1959 1229 2004 i>

112 1990 240 2049 Ipse,
263 1998 544 2054 papyrifero
566 2004 654 2060 qui
675 2020 772 2050 non
793 2013 1052 2066 angustior
1073 2031 1216 2064 amne

169 2052 407 2100 Miscetur
427 2066 570 2105 vasto
590 2064 750 2109 multa
770 2081 856 2124 per
878 2085 962 2115 ora
986 2073 1121 2128 freto,

110 2110 371 2160 Caeruleos
393 2120 555 2165 ventis
579 2121 749 2169 latices
774 2127 1082 2187 durantibus,
1105 2136 1280 2183 Hister

169 2172 408 2233 Congelat
429 2183 476 2223 et
498 2184 643 2228 tectis
666 2184 716 2228 in
740 2201 873 2233 mare
895 2194 1049 2250 serpit
1070 2197 1226 2254 aquis.

108 2228 310 2291 Quaque
341 2245 472 2283 rates
505 2240 677 2296 ierant,
711 2247 918 2301 pedibus
953 2268 1083 2298 nunc
1114 2257 1232 2312 itur,
1263 2264 1314 2305 et
1346 2264 1505 2310 undas

166 2291 373 2352 Frigore
395 2307 646 2348 concretas
669 2308 857 2361 ungula
879 2312 1042 2367 pulsat
1060 2317 1173 2374 equi
1191 2336 1202 2371 ;

104 2349 294 2410 Perque
314 2370 467 2402 novos
489 2368 665 2417 pontes
690 2367 861 2412 subter
882 2371 1159 2419 labentibus
1183 2379 1330 2425 undis

162 2410 366 2459 Ducunt
390 2416 648 2467 Sarmatici
675 2424 883 2472 barbara
905 2432 1131 2488 plaustra
1152 2437 1315 2483 boves.

102 2469 200 2515 Vix
222 2475 449 2531 equidem
470 2481 653 2536 credar,
679 2487 758 2529 sed
785 2502 896 2533 cum
921 2492 1022 2537 sint
1045 2498 1262 2551 praemia
1284 2501 1395 2545 falsi

159 2529 324 2587 Nulla,
344 2541 501 2582 ratam
527 2541 672 2587 debet
693 2548 838 2591 testis
863 2550 1042 2595 habere
1064 2555 1224 2601 fidem.

99 2587 331 2638 Vidimus
354 2595 604 2654 ingentem
627 2606 780 2661 glacie
802 2611 1073 2656 consistere
1095 2624 1315 2672 pontum,

157 2648 465 2714 Lubricaque
485 2659 696 2708 inmotas
721 2672 850 2711 testa
873 2674 1123 2726 premebat
1144 2691 1312 2734 aquas.

96 2705 202 2753 Nec
222 2712 408 2760 vidisse
431 2722 508 2762 sat
532 2726 636 2774 est;
671 2723 849 2770 durum
874 2730 1171 2778 calcavimus
1195 2751 1388 2795 aequor,

160 2766 397 2831 Undaque
417 2791 517 2821 non
540 2781 635 2825 udo
658 2785 748 2827 sub
770 2787 895 2843 pede
918 2804 1108 2836 summa
1132 2796 1240 2840 fuit.

97 2822 153 2870 Si
173 2829 265 2874 tibi
286 2833 384 2877 tale
403 2834 590 2895 fretan
608 2845 872 2899 quondam,
896 2848 1132 2906 Leandre,
1154 2854 1346 2910 fuisset,

153 2885 265 2932 Non
285 2891 412 2938 foret
433 2905 675 2955 angustae
698 2918 829 2949 mors
853 2912 939 2952 tua
963 2912 1147 2956 crimen
1168 2929 1334 2972 aquae.

85 2943 217 2990 -Tum
240 2964 398 3008 neque
421 2968 472 2998 se
496 2959 644 3013 pandi
667 2973 876 3017 possunt
899 2968 1150 3025 delphines
1174 2974 1228 3016 in
1248 2990 1392 3020 auras

151 3006 364 3064 Tollere3
396 3025 630 3062 conantes
654 3021 776 3066 dura
798 3029 988 3072 coercet
1011 3030 1181 3075 biems.

1810 710 1837 756 Cn

1774 1010 1828 1058 10

1760 1311 1816 1356 15

1745 2208 1803 2254 30

1735 2507 1794 2552 35

1726 2803 1786 2849 40
