2051 3181
951 136 1138 174 TRISTIA
1174 144 1244 176 ΙΠ.

257 461 326 506 At
347 469 573 521 quoniam
597 478 744 520 semel
765 486 839 525 est
861 484 969 529 odio
991 489 1197 536 civiliter
1219 475 1350 552 usus,
1855 462 1915 508 40

314 520 505 572 Mutato
521 529 672 577 levior
693 536 756 581 sit
776 538 896 598 fuga
912 552 1078 593 nostra
1100 551 1204 597 loco
1222 555 1232 598 Ξ

1037 726 1124 773 ΙΧ.

247 809 341 858 Η10
374 830 563 877 quoque
600 835 715 872 sunt
748 831 902 889 igitur·
935 837 1302 906 Graiae—quis
1341 858 1821 918 crederetP—urbes

304 873 440 920 Inter
461 880 751 933 inhumanae
774 896 966 941 nomina
989 900 1257 959 barbariam

243 928 354 977 Huc
375 950 563 995 quoque
586 943 750 991 Mileto
772 955 905 997 missi
926 971 1097 1006 venere
1119 967 1286 1022 coloni,

300 991 453 1051 Inque
477 999 609 1044 Getis
634 1004 799 1053 Graias
824 1018 1118 1065 constituere
1141 1025 1320 1073 domos.

242 1045 338 1094 Sed
358 1060 497 1100 vetus
520 1059 630 1106 huic
651 1080 679 1106 n
938 1076 945 1082 '
1210 1086 1217 1093 ‘

297 1108 500 1160 Constat
521 1119 580 1162 ab
601 1122 804 1171 Absvrti
827 1134 968 1178 caede
990 1138 1139 1184 fuisse
1163 1143 1275 1189 loco.
1867 1111 1894 1156 5

234 1164 360 1213 Nam
382 1179 498 1225 rate,
521 1192 640 1235 quae
662 1198 775 1230 cura
796 1196 1030 1247 pugnacis
1053 1198 1179 1244 facta
1201 1204 1445 1256 Minervae

291 1227 382 1273 Per
411 1247 503 1278 non
529 1245 787 1297 temptatas
811 1252 965 1304 prima
985 1262 1197 1305 cucurrit
1220 1278 1383 1322 aquas,

231 1284 388 1343 Impia
409 1291 653 1342 desertum
675 1302 866 1360 fugiens
888 1310 1057 1359 Medea
1078 1331 1328 1374 parentem

287 1345 479 1395 Dicitur
500 1355 575 1399 his
598 1373 751 1406 remos
774 1369 1065 1424 applicuisse
1087 1380 1235 1424 vadis.

228 1402 380 1460 Quem
401 1416 564 1466 procul
586 1425 641 1461 ut
662 1422 761 1465 vidi

285 1467 311 1486 “
327 1466 563 1526 Hospes‚”
583 1477 652 1521 ait
675 1482 700 1500 ‘⁶

224 1519 352 1568 Dum
374 1532 620 1586 trepidant
642 1537 709 1580 Mi

768 1433 785 1466 t
809 1431 996 1475 tumulo
1016 1439 1287 1491 speculator
1305 1444 1366 1488 ab
1387 1447 1500 1503 alto,
1827 1405 1883 1450 10

720 1496 875 1540 nosco,
900 1488 1137 1545 Colchide,
1160 1500 1278 1552 vela,
1302 1507 1434 1550 venit
1454 1509 1463 1552 l
1485 1509 1511 1528 ’'

717 1556 849 1597 nyae,
874 1546 989 1592 dum
1013 1555 1218 1601 solvitur
1237 1574 1414 1619 aggere
1435 1567 1579 1624 funis,

279 1582 408 1630 Dum
430 1594 649 1648 sequitui·
670 1599 846 1646 celeres
869 1619 1042 1653 ancora
1062 1617 1216 1660 tracta
1236 1634 1418 1676 manus,

219 1639 423 1690 Conscia
442 1655 678 1704 percussit
699 1662 980 1710 meritorum
1001 1681 1193 1726 pectora
1217 1677 1404 1728 Colchis
1817 1700 1872 1746 15

274 1703 409 1748 Ausa
429 1713 573 1766 atque
595 1728 771 1761 ausura
793 1724 946 1769 multa
968 1730 1172 1777 nefanda
1193 1751 1368 1793 manu3

215 1757 294 1812 Et,
316 1777 604 1825 quamquam
627 1788 846 1832 superest
867 1783 1037 1839 ingens
1060 1793 1257 1840 audacia
1277 1801 1444 1857 menti,

271 1819 430 1867 Pallor
450 1826 498 1870 in
519 1835 752 1879 attonitae
775 1840 978 1895 virginis
1001 1862 1080 1891 ore
1101 1849 1210 1896 fuit.

211 1874 343 1933 Ergo
365 1883 446 1926 ubi
468 1895 712 1947 prospexit
735 1900 975 1946 venientia
996 1907 1115 1960 vela,
1140 1914 1165 1932 ‘⁵
1183 1912 1433 1973 Tenemur,

268 1937 334 1983 Et
355 1951 492 1998 pater
514 1960 587 1990 est
609 1952 770 2010 aliqua
790 1957 960 2005 fraude
981 1970 1239 2016 morandus
1260 1974 1286 1991 ''
1308 1978 1388 2022 ait.
1804 1994 1862 2040 20

207 1992 336 2041 Dum
368 2003 483 2058 quid
512 2013 627 2053 auat
658 2017 845 2067 quaerit
892 2020 1004 2065 dum
1037 2035 1199 2074 versat
1229 2032 1280 2076 in
1313 2039 1471 2084 omnia
1501 2044 1686 2100 vultus,

262 2055 344 2102 Ad
362 2059 562 2108 fratrem
585 2082 697 2113 casu
719 2073 900 2120 lumina
921 2081 1041 2125 flexa
1061 2087 1177 2132 tulit

203 2111 352 2160 Cuius
374 2127 429 2163 ut
451 2122 611 2170 oblata
631 2138 703 2173 est
725 2140 1010 2193 praesentia,
1035 2146 1060 2164 “
1077 2144 1295 2196 Vicimus
1313 2152 1338 2170 ”
1359 2155 1546 2215 inquit:

260 2176 287 2196 “
303 2175 398 2222 Hic
417 2181 536 2225 mihi
557 2195 711 2232 morte
731 2205 819 2236 sua
841 2210 986 2242 causa
1008 2203 1179 2248 salutis
1202 2210 1339 2254 erit‚”

196 2229 425 2281 Protinus
446 2239 601 2294 ignari
624 2261 708 2291 nec
729 2254 983 2311 quicquam
1005 2261 1102 2305 tale
1123 2265 1343 2315 timentis
1794 2285 1852 2332 *25

256 2291 527 2343 Innocuum
548 2303 704 2360 rigido
722 2312 932 2363 perforat
954 2332 1066 2363 ense
1088 2321 1232 2378 latus,

192 2348 358 2408 Atque
378 2355 446 2400 ita
466 2359 664 2413 divellit,
686 2367 967 2430 divulsaque
989 2382 1203 2427 membra
1221 2400 1308 2443 per
1327 2403 1470 2447 agros

250 2410 466 2472 Dissipat
478 2418 536 2484 ’in
558 2423 725 2469 multis
747 2427 1037 2480 invenienda
1057 2438 1188 2506 locis.

586 2600 612 2609 Δ·
955 2553 963 2560 ”
1030 2570 1204 2615 umque
1226 2570 1386 2621 caput,
1785 2579 1845 2626 30

240 2645 371 2693 Dum
392 2651 510 2709 legit
533 2658 784 2714 extinctos,
808 2666 948 2712 triste
970 2671 1181 2719 retardet
1203 2679 1306 2724 iter.

179 2701 302 2749 Inde
324 2708 486 2755 Tomis
509 2714 665 2760 dictus
690 2720 818 2766 locus
840 2724 932 2778 hic,
955 2731 1067 2786 quia
1087 2734 1241 2780 fertur
1261 2740 1312 2784 in
1341 2741 1423 2789 illo

235 2763 455 2814 Membra
475 2786 610 2818 soror
628 2776 793 2825 fratris
817 2790 1120 2836 consecuisse
1143 2796 1234 2839 sui.
