2051 3181
190 153 253 202 20
868 151 1055 186 TRISTIA
1090 149 1162 182 111.

191 280 257 324 Et
279 275 495 321 lacrimas
517 284 717 316 cernens
740 269 789 312 in
813 265 1004 322 singula
1023 263 1170 306 verba
1189 261 1415 304 cadentes

252 336 347 380 Ore
368 347 475 376 meo
494 330 731 377 lacrimas,
751 326 945 370 auribus
968 324 1059 366 illa'
1076 322 1175 364 bibi
1194 340 1204 373 ;

192 394 492 449 Brachiaque
512 388 673 445 accepi
695 400 859 443 presso
883 382 1142 439 pendentia
1163 379 1297 430 00110,

255 454 318 497 Et
341 448 618 507 singultatis
640 445 801 489 oscula
824 444 971 485 mixta
993 440 1136 483 sonis.

199 513 317 558 Sum
351 522 553 568 quoque,
587 519 711 555 care,
747 503 844 546 tuis
880 500 1106 544 defensus
1142 497 1325 540 viribus
1360 495 1534 540 absens
1553 512 1620 539 :—

261 570 365 615 Scis
387 580 552 613 carum
572 563 675 608 veri
694 561 901 606 nominis
925 573 1028 602 esse
1048 557 1210 600 loco—

198 631 452 685 Multaque
472 629 718 682 praeterea
739 618 985 662 manifesti
1007 617 1145 673 signa
1166 613 1345 658 favoris

260 685 542 732 Pectoribus
564 688 702 726 teneo
723 693 819 722 non
842 679 1031 721 abitura
1052 675 1182 717 meis.

202 749 266 792 Di
287 746 377 791 tibi
399 757 538 802 posse
561 747 671 784 tuos
693 739 911 782 tribuant
933 733 1187 778 defendere
1210 745 1413 788 semper,

264 806 392 861 Quos
414 804 465 846 in
486 799 687 844 materia
707 795 1008 853 prosperiore
1029 793 1181 835 iuves.

207 866 260 910 Si
282 871 447 907 tamen
466 860 662 907 interea,
685 855 801 913 quid
820 855 873 897 in
894 853 970 896 his
994 866 1081 908 ego
1103 849 1322 906 perditus
1352 849 1509 891 oris-—

263 921 403 978 Quod
423 925 472 964 te
493 916 716 962 credibile
738 918 812 958 est
834 909 1325 970 quaerere—qnaeris,
1346 923 1509 964 agam:

211 983 306 1039 Spe
328 980 492 1024 trahor
512 976 696 1030 exigua,
719 987 863 1029 quam
885 977 939 1015 tu
962 969 1078 1012 mihi
1102 969 1290 1011 demere
1309 967 1422 1017 noli,

266 1039 447 1083 Tristia
466 1035 609 1079 leniri
629 1032 830 1076 numina
852 1044 991 1086 posse
1012 1028 1103 1071 dei.

211 1100 309 1145 Seu
330 1108 509 1141 temere
531 1099 742 1149 expecto,
766 1090 869 1133 sive
891 1089 942 1131 id
963 1087 1244 1140 contingere
1264 1084 1338 1127 fas
1366 1090 1453 1136 est,

268 1158 339 1200 Tu
361 1155 492 1204 mihi,
514 1152 642 1210 quod
663 1150 815 1205 cupio,
839 1148 928 1196 fas,
953 1160 1131 1202 precor,
1154 1159 1258 1187 esse
1278 1144 1440 1200 proba,

212 1216 439 1272 Quaeque
459 1212 551 1256 tibi
573 1211 766 1264 linguae
787 1206 1028 1256 facundia,
1052 1204 1214 1247 confer
1233 1203 1284 1246 in
1307 1202 1442 1254 illud,

271 1275 340 1319 Ut
363 1274 530 1316 doceas
552 1275 722 1313 votum
745 1280 885 1322 posse
907 1265 1066 1307 valere
1087 1277 1260 1305 meum.

215 1334 319 1390 Quo
342 1332 547 1389 quisque
568 1333 643 1371 est
665 1327 829 1376 maior,
852 1324 1005 1380 magis
1029 1328 1101 1365 est
1123 1320 1369 1378 placabilis
1392 1320 1502 1372 irae,

274 1393 337 1435 Et
359 1391 521 1433 faciles
544 1394 706 1430 motus
730 1398 864 1427 mens
887 1396 1121 1439 generosa
1142 1381 1282 1434 capit.

217 1451 427 1506 Corpora
447 1446 753 1503 magnanimo
776 1443 894 1486 satis
916 1447 990 1484 est
1011 1446 1282 1496 prostrasse
1303 1438 1440 1489 leoni,

274 1510 446 1564 Pugna
468 1520 610 1549 suum
631 1504 790 1553 finem,
813 1515 921 1545 cum
954 1501 1074 1542 iacet
1096 1499 1266 1548 hostis,
1288 1497 1459 1541 habet:

217 1569 284 1612 At
307 1569 450 1624 lupus
474 1571 520 1608 et
542 1569 708 1619 turpes
730 1562 914 1604 instant
936 1558 1252 1601 morientibus
1274 1557 1376 1599 ursi

279 1627 341 1670 Et
362 1636 690 1683 quaecumque
711 1621 867 1662 minor
888 1618 1137 1661 nobilitate
1158 1615 1274 1659 fera.

219 1686 375 1729 Maius
398 1683 524 1739 apud
546 1681 735 1723 Troiam
756 1678 874 1721 forti
895 1676 1013 1734 quid
1033 1676 1266 1718 habemus
1289 1673 1478 1717 Achille
1499 1671 1522 1718 Ρ

279 1741 513 1786 Dardanii
532 1740 752 1782 lacrimas
776 1752 870 1780 non
893 1736 1009 1778 tulit
1031 1735 1109 1777 ille
1133 1734 1275 1776 senis.

224 1803 354 1859 Quae
376 1800 512 1844 ducis
536 1797 749 1841 Emathii
768 1795 916 1839 fuerit
937 1793 1203 1844 clementia,
1225 1792 1379 1835 Porus

281 1860 519 1915 Dareique
541 1858 716 1900 docent
739 1854 921 1897 funeris
944 1853 1184 1909 exequiae.

222 1919 359 1964 Neve
380 1917 631 1960 hominum
654 1914 855 1957 referam
876 1913 1018 1955 flexas
1043 1911 1104 1954 ad
1125 1910 1292 1952 mitius
1315 1910 1426 1960 iras,

283 1977 487 2021 Iunonis
512 1989 658 2032 gener
680 1979 770 2024 est,
792 1972 875 2029 qui
896 1971 1032 2027 prius
1056 1970 1212 2013 hostis
1237 1974 1352 2012 erat.

226 2037 444 2093 Denique
464 2049 560 2077 non
581 2046 779 2089 possum
799 2030 983 2074 nullam
1007 2043 1197 2085 sperare
1221 2027 1440 2080 salutem,

289 2095 411 2140 Cum
433 2106 610 2148 poenae
629 2106 727 2134 non
751 2091 816 2133 sit
839 2103 984 2132 causa
1005 2093 1203 2131 cruenta
1223 2101 1368 2130 meae.

228 2153 339 2198 Non
360 2152 492 2201 mihi,
516 2150 764 2208 quaerenti
784 2147 1096 2205 pessumdare
1116 2151 1300 2197 cuncta,
1322 2145 1530 2202 petitum

291 2212 575 2256 Caesareum
597 2212 740 2264 caput
761 2213 849 2258 est,
871 2206 999 2263 quod
1019 2210 1161 2261 caput
1183 2205 1310 2248 orbis
1342 2211 1443 2248 erat
1461 2221 1471 2255 ;

230 2271 341 2315 Non
363 2268 545 2326 aliquid
568 2268 666 2310 dixi
686 2267 958 2322 violataque
978 2265 1143 2321 lingua
1161 2264 1402 2320 loquendo
1418 2268 1492 2306 est

289 2329 544 2385 Lapsaque
566 2331 682 2369 8191111
702 2325 850 2367 11111110
871 2324 1016 2366 verba
1036 2322 1237 2380 profana
1264 2337 1416 2365 mero:

232 2388 394 2432 Inscia
415 2385 543 2443 quod
566 2385 747 2427 crimen
766 2383 995 2427 viderunt
1015 2383 1210 2432 lumina,
1232 2382 1429 2437 plector,

294 2446 646 2500 Peccatumque
669 2443 831 2485 oculos
854 2447 927 2484 est
948 2441 1175 2483 habuisse
1195 2455 1372 2483 meum.

235 2503 347 2547 Non
367 2503 588 2560 equidem
609 2507 762 2544 totam
782 2515 977 2556 possum
1002 2499 1258 2542 defendere
1279 2499 1492 2554 culpamz

299 2562 392 2605 Sed
412 2567 596 2618 partem
620 2560 775 2602 nostri
797 2559 1011 2602 criminis
1035 2573 1165 2601 error
1187 2559 1343 2600 habet.

243 2620 363 2678 Spes
385 2621 538 2675 igitur
560 2626 795 2675 superest,
818 2618 1071 2667 facturum,
1094 2624 1150 2659 ut
1172 2617 1353 2659 molliat
1377 2617 1479 2672 ipse

298 2679 483 2722 Mutati
504 2691 705 2733 poenam
729 2677 1001 2719 condicione
1023 2677 1127 2719 loci.

242 2738 346 2781 Hos
370 2737 557 2779 utinam
579 2735 721 2778 nitidi
747 2734 869 2777 Solis
890 2735 1209 2791 praenuntius
1232 2740 1368 2777 ortus

300 2795 488 2839 Afferat
512 2794 720 2837 admisso
743 2793 932 2837 Lucifer
954 2795 1091 2836 albus
1116 2808 1236 2850 equo
1255 2793 1265 2836 l

1794 372 1850 415 15

1801 667 1857 711 20

1814 1256 1873 1301 30

1821 1551 1878 1596 35

1823 1847 1881 1890 40

1828 2141 1886 2184 45

1838 2729 1894 2773 55
