2084 3246
788 148 978 183 TmsnA
1014 149 1086 184 111.
1719 137 1781 187 31

98 267 209 314 Hoc
228 281 421 327 quoque
439 267 604 312 nescio
624 266 744 326 quid
763 266 948 311 nostris
971 281 1031 323 ap
1040 280 1159 323 pone
1179 265 1370 320 libellis,
1726 267 1785 313 25

158 327 366 373 Diverso
386 327 598 372 missum
619 327 750 386 quod
771 327 865 371 tibi
887 327 946 371 ab
968 327 1082 370 orbe
1103 327 1255 371 venit.

100 387 242 447 Quod
276 388 568 446 quicumque
604 388 751 445 leget,
768 411 827 417 —
845 387 886 431 si
921 387 1030 444 quis
1065 387 1198 443 leget
1215 411 1272 416 —
1287 386 1514 432 aestimet
1548 391 1678 443 ante,

159 447 499 506 Compositum
520 462 617 506 quo
641 448 705 492 sit
733 454 952 504 tempore
979 461 1170 505 quoque
1198 446 1318 491 loco.

97 508 304 567 Aequus
326 508 420 552 erit
443 508 655 566 scriptis,
678 522 886 565 quorum
908 508 1192 564 cognoverit
1213 521 1319 552 esse

156 568 374 612 Exilium
395 573 592 625 tempus
615 567 989 625 barbariamque
1009 567 1171 611 locum
1189 586 1198 610 z
1726 566 1784 611 30

97 627 256 686 Inque
276 633 350 672 tot
371 628 590 672 adversis
613 642 808 672 carmen
830 626 1093 671 mirabitur
1114 627 1274 671 ullum

157 687 347 733 Ducere
367 703 445 733 me
465 688 606 733 tristi
629 687 930 732 sustinuisse
949 702 1116 731 manu.

95 747 361 805 Ingenium
384 748 571 807 fregere
592 763 755 792 meum
779 748 919 800 mala,
942 747 1081 792 cuius
1104 752 1154 791 et
1175 752 1290 793 ante

156 808 288 853 Fons
309 807 604 853 infecundus
627 823 873 866 parvaque
895 822 1019 851 vena
1039 808 1151 852 fuit.

97 866 196 914 Sed
217 882 553 927 quaecumque
575 869 688 920 fuit,
707 868 845 912 nullo
865 874 1120 912 exercente
1140 867 1341 926 refugit,
1725 867 1783 913 35

153 928 220 973 Et
242 928 389 986 longo
411 929 556 987 periit
577 929 716 973 arida
736 929 864 973 facta
885 928 1002 973 situ.

92 986 210 1034 Non
229 988 311 1033 hic
330 989 584 1042 librorum,
606 1004 694 1048 per
717 1003 837 1046 quos
859 988 1041 1032 inviter
1060 988 1272 1046 alarque,

152 1046 307 1107 Copia
325 1067 336 1093 :
369 1063 458 1106 pro
478 1049 616 1093 libris
638 1064 780 1093 arcus
803 1053 852 1093 et
875 1063 1011 1092 arma
1033 1054 1223 1094 sonant.

91 1106 275 1153 Nullus
307 1108 361 1152 in
392 1109 483 1154 hac
513 1114 657 1162 terra,
688 1109 891 1153 recitem
925 1108 968 1152 si
1001 1110 1232 1161 carmina,
1267 1110 1408 1154 cuius

152 1166 491 1213 Intellecturis
513 1169 715 1213 auribus
738 1175 865 1219 utar,
887 1168 1041 1213 adest.
1722 1170 1781 1216 40

91 1225 194 1272 Nec
216 1242 311 1287 quo
333 1228 569 1282 secedam,
590 1229 728 1273 locus
751 1234 829 1274 est
847 1248 856 1272 :
891 1229 1115 1273 custodia
1135 1229 1266 1274 muri
1584 1253 1588 1256 -

155 1286 442 1334 Summovet
463 1289 672 1333 infestos
694 1289 796 1334 clau
806 1304 953 1347 saque
976 1295 1118 1347 porta
1141 1289 1305 1334 Getas:

94 1345 249 1405 Saepe
278 1349 475 1407 aliquod
505 1364 685 1407 quaero
716 1349 921 1393 verbum
953 1364 1226 1408 nomenque
1258 1351 1529 1409 locumque,

150 1406 255 1452 Nec
278 1409 539 1468 quisquam
561 1415 650 1462 est,
675 1424 703 1453 a
724 1423 820 1467 quo
843 1409 1025 1453 certior
1045 1424 1152 1454 esse
1175 1425 1367 1468 queam.

91 1466 266 1512 Dicere
288 1483 428 1526 saepe
451 1469 636 1527 aliquid
658 1469 1062 1527 conanti—turpe
1083 1469 1229 1515 fateri
1246 1471 1320 1516 i—

148 1526 314 1573 Verba
335 1529 457 1573 mihi
478 1529 674 1581 desunt,
697 1528 1003 1587 dedidicique
1023 1529 1167 1587 loqui.

90 1586 314 1633 Threicio
339 1587 665 1647 Scythicoque
688 1588 791 1634 fere
811 1590 1140 1634 circumsonor
1161 1605 1259 1645 ore,

150 1647 216 1692 Et
236 1648 406 1693 videor
428 1649 612 1694 Geticis
637 1650 846 1694 scribere
866 1664 1008 1707 posse
1031 1650 1188 1694 modis
1209 1670 1218 1695 :

91 1705 246 1752 Crede
268 1709 406 1761 mihi,
428 1710 593 1762 timeo,
617 1725 677 1754 ne
701 1710 801 1754 sint
823 1709 1032 1754 inmixta
1053 1709 1247 1755 Latinis

148 1765 306 1825 Inque
326 1769 448 1813 meis
471 1770 669 1827 scriptis
692 1769 895 1814 Pontica
915 1769 1066 1813 verba
1086 1770 1238 1827 legas.
1722 1769 1780 1815 50

89 1825 504 1887 Qualemcumque
525 1830 679 1884 igitur
699 1830 841 1872 venia
862 1829 1064 1886 dignare
1085 1830 1324 1886 libellum,

150 1885 309 1933 Sortis
333 1894 382 1933 et
404 1903 578 1934 excusa
600 1889 882 1935 condicione
905 1904 1052 1934 meae.
