2132 3262
804 148 997 184 TRISTIA
1033 148 1109 182 111.

115 267 328 322 Interea,
348 266 580 327 quoniam
601 266 750 312 statio
771 265 894 310 mihi
915 265 1109 324 publica
1129 264 1291 310 clausa
1313 268 1404 317 est,

175 328 378 373 Privato
397 328 542 373 liceat
563 327 820 372 delituisse
841 325 974 370 loco!

115 388 222 435 Vos
244 402 450 448 quoque,
474 388 515 432 si
536 386 610 432 fas
632 394 721 438 est,
744 385 952 430 confusa
971 384 1158 443 pudore
1182 383 1406 442 repulsae

178 447 371 494 Sumite
391 448 608 507 plebeiae
627 447 843 492 carmina
864 452 1037 491 nostra
1066 445 1268 490 manus!

923 611 992 658 ΙΙ.

117 747 252 806 Ergo
287 750 392 792 erat
430 745 483 791 in
520 745 636 791 fatis
677 744 933 804 Scythiam
967 759 1162 804 quoque
1199 744 1359 790 visere
1399 744 1598 798 nostris,

178 807 409 867 Quaeque
431 805 677 865 Lycaonio
698 813 828 850 terra
850 805 941 849 sub
964 820 1052 850 axe
1074 806 1198 850 iacet
1217 804 1236 850 Ρ

114 866 221 913 Nec
240 882 346 921 vos,
367 867 602 919 Pierides,
624 881 714 910 nec
737 866 888 924 stirps
914 865 1097 918 Letoia,
1119 875 1286 911 vestro

176 926 337 973 Docta
358 927 600 972 sacerdoti
622 926 768 971 turba
790 926 979 970 tulistis
999 940 1152 983 opem.

115 986 222 1033 Nec
244 987 380 1039 mihi,
404 987 535 1044 quod
556 987 654 1030 lusi
678 1001 789 1030 vero
813 987 917 1030 sine
938 986 1155 1037 crimine,
1178 984 1396 1043 prodest,

179 1046 417 1106 Quodque
439 1048 597 1105 magis
620 1047 722 1091 vita
744 1046 890 1090 Musa
912 1046 1067 1090 iocata
1089 1060 1198 1090 mea
1219 1052 1309 1096 est,

116 1106 337 1152 Plurima
358 1107 443 1151 sed
464 1108 636 1165 pelago
658 1114 886 1164 terraque
910 1106 1124 1163 pericula
1146 1120 1350 1164 passum

179 1167 337 1212 Ustus
358 1167 418 1211 ab
442 1167 641 1212 assiduo
664 1166 846 1225 frigore
869 1166 1058 1211 Pontus
1081 1166 1242 1210 habet.

119 1226 308 1286 Quique
329 1226 483 1283 fugax
504 1241 668 1271 rerum
691 1240 957 1284 securaque
979 1226 1030 1270 in'
1053 1226 1156 1271 otia
1177 1231 1339 1278 natus,

180 1287 341 1332 Mollis
366 1295 414 1332 et
435 1287 677 1346 inpatiens
701 1297 814 1331 ante
838 1287 1015 1332 laboris
1038 1301 1183 1337 eram,

117 1347 310 1393 Ultima
330 1362 461 1392 nunc
481 1348 655 1406 patior,
678 1361 765 1391 nec
789 1361 865 1390 me
888 1361 1020 1390 mare
1043 1346 1284 1404 portubus
1309 1345 1481 1390 orbum

180 1407 402 1460 Perdere,
423 1407 645 1452 diversae
668 1421 756 1451 nec
778 1416 978 1466 potuere
999 1407 1123 1457 viae,

121 1466 426 1527 Suffecitque
445 1468 586 1512 malis
609 1468 817 1512 animus.
879 1465 1008 1510 Nam
1029 1481 1204 1525 corpus
1227 1466 1287 1510 ab
1309 1466 1392 1511 illo

181 1528 387 1586 Accepit
407 1529 539 1572 vires
561 1528 742 1586 vixque
764 1527 959 1571 serenda
981 1527 1114 1571 tulit.

120 1587 253 1632 Dum
273 1594 439 1632 tamen
460 1593 508 1632 et
530 1589 675 1632 terris
700 1587 878 1632 dubius
902 1587 1118 1631 iactabar
1139 1593 1189 1632 et
1214 1586 1373 1640 undis,

180 1648 399 1693 Fallebat
420 1662 562 1692 curas
583 1662 827 1705 aegraque
849 1646 994 1691 corda
1014 1647 1179 1692 labor:

123 1707 192 1753 Ut
214 1708 295 1752 via
314 1708 456 1753 finita
476 1713 552 1752 est
574 1714 623 1751 et
647 1723 769 1766 opus
791 1707 1037 1765 requievit
1061 1706 1220 1759 eundi,

182 1767 248 1812 Et
268 1754 453 1825 poenae
473 1768 619 1813 tellus
644 1779 717 1812 est
741 1768 862 1812 mihi
884 1773 1019 1821 tacta
1041 1781 1191 1819 meae,

121 1827 210 1872 Nil
230 1828 330 1872 nisi
351 1828 468 1872 flere
489 1827 622 1879 libet,
645 1843 734 1871 nec
754 1832 924 1872 nostro
945 1828 1139 1885 parcior
1160 1827 1313 1871 imber

181 1887 404 1941 Lumine,
428 1889 488 1932 de
512 1903 662 1932 verna
684 1902 831 1945 quam
851 1887 964 1931 nive
985 1892 1151 1930 manat
1172 1902 1309 1944 aqua.

121 1946 279 1992 Roma
299 1947 571 2006 domusque
593 1948 725 1991 subit
748 1947 1140 2005 desideriumque
1161 1947 1394 2000 locorum,

184 2006 426 2065 Quicquid
448 2013 500 2052 et
517 2008 699 2052 amissa
718 2014 873 2051 restat
896 2007 943 2050 in
969 2008 1087 2051 urbe
1111 2007 1218 2050 mei.

123 2067 185 2110 Ei
206 2067 341 2120 mihi,
365 2067 495 2125 qnod
516 2069 699 2112 totiens
721 2067 877 2111 nostri
899 2067 1095 2124 pulsata
1118 2067 1329 2124 sepulcri

180 2126 351 2179 Ianua,
374 2127 461 2172 sed
483 2127 621 2172 nullo
641 2135 860 2184 tempore
882 2132 1056 2184 aperta
1076 2126 1172 2170 fuit
1197 2127 1206 2170 l

123 2185 225 2232 Cur
246 2201 335 2246 ego
354 2192 431 2232 tot
451 2187 644 2244 gladios
668 2187 775 2245 fugi
798 2187 1076 2245 totiensque
1097 2186 1282 2231 minata

187 2245 367 2292 Obruit
387 2247 559 2291 infelix
579 2247 714 2290 nulla
733 2247 944 2305 procella
966 2253 1112 2303 caput
1135 2247 1155 2291 Ρ

121 2304 202 2358 Di,
225 2321 346 2364 quos
369 2307 591 2365 experior
614 2307 821 2350 nimium
842 2312 1126 2351 constanter
1148 2307 1359 2365 iniquos,

183 2366 458 2424 Participes
480 2367 581 2410 irae
603 2381 726 2425 quos
749 2367 868 2410 deus
893 2381 1022 2410 unus
1045 2366 1210 2418 habet,

123 2424 466 2479 Exstimulate,
489 2441 673 2483 precor,
697 2426 940 2470 cessantia
961 2426 1061 2470 fata
1083 2427 1274 2479 meique

181 2484 423 2531 Interitus
445 2487 635 2531 clausas
658 2500 766 2530 esse
786 2492 953 2531 vetate
975 2486 1104 2530 fores
1125 2487 1135 2530 1

921 2659 1018 2704 ΙΙΙ.

126 2775 263 2821 Haec
300 2791 421 2829 mea,
460 2776 504 2821 si
540 2791 658 2821 casu
692 2776 901 2830 miraris,
940 2778 1149 2835 epistula
1188 2793 1339 2836 quare

187 2835 411 2881 Alterius
433 2836 604 2894 digitis
629 2837 809 2894 scripta
831 2838 895 2882 sit
916 2857 925 2880 :
958 2852 1103 2894 aeger
1125 2852 1269 2882 eram.

128 2894 295 2953 Aeger
313 2896 367 2939 in
387 2897 620 2940 extremis
642 2897 804 2952 ignoti
824 2897 1048 2954 partibus
1071 2897 1218 2948 orbis,

188 2954 514 3015 Incertasque
535 2971 670 3000 meae
692 2971 844 3014 paene
866 2956 1038 3001 salutis
1061 2971 1208 3001 eram.

1742 133 1808 181 15

1748 322 1806 369 80

1758 1285 1820 1329 10

1753 1583 1815 1628 15

1756 1887 1819 1931 20

1757 2187 1819 2231 25
