2051 3181
312 110 375 159 16
985 122 1171 155 TRISTIA
1207 122 1280 155 111.

313 236 464 294 Quem
484 236 601 280 mihi
623 251 750 280 nunc
772 237 985 279 animum
1007 237 1111 279 dira
1132 237 1323 293 regione
1345 235 1521 280 iacenti

370 296 505 339 Inter
531 295 838 339 Sauromatas
862 308 966 339 esse
988 294 1228 351 Getasque
1249 302 1388 351 putes
1411 295 1430 338 P

310 354 412 398 Nec
434 354 618 398 caelum
642 355 807 410 patior,
829 369 916 397 nec
936 354 1072 411 aquis
1094 353 1401 397 adsuevimus
1425 353 1547 406 istis,

369 413 609 470 Terraque
630 414 790 456 nescio
812 427 906 469 quo
926 427 1023 456 non
1045 412 1200 468 placet
1222 413 1327 469 ipsa
1348 412 1502 456 modo.

310 472 419 515 Non
444 472 613 515 domus
635 478 748 528 apta
769 473 900 523 satis,
921 486 1017 515 non
1040 471 1116 514 1110
1137 471 1271 514 cibus
1293 471 1425 514 utilis
1447 483 1605 527 aegro,

368 530 559 581 Nullus,
579 529 836 586 Apollinea
856 530 940 587 qui
959 530 1087 573 levet
1108 534 1213 572 arte
1235 530 1428 581 malum,

309 589 419 633 Non
441 589 523 646 qui
545 590 740 638 soletur,
761 603 852 631 non
878 589 960 645 qui
981 588 1185 632 labentia
1205 588 1343 631 tarde

366 648 598 704 Tempora
619 648 856 690 narrando
877 647 1025 697 fallat,
1046 646 1228 690 amicus
1249 646 1398 690 adest.

310 706 487 749 Lassus
508 707 559 749 in
580 706 806 749 extremis
829 707 955 749 iaceo
977 705 1261 762 populisque
1282 705 1506 761 locisque,

368 766 430 808 Et
456 765 587 808 subit
608 765 796 808 adfecto
819 779 944 808 nunc
967 765 1097 815 mihi,
1120 763 1346 820 quicquid
1366 764 1515 807 abest.

311 822 482 867 Omnia
513 838 623 866 cum
655 829 870 873 subeant,
902 823 1052 866 vincis
1082 828 1247 867 tamen
1277 823 1451 874 omnia,
1483 821 1703 875 coniunx,

367 882 431 925 Et
454 882 562 939 plus
584 883 634 924 in
655 889 819 925 nostro
840 888 1032 938 pectore
1053 887 1188 938 parte
1207 888 1359 924 tenes.

308 941 372 984 Te
393 942 560 997 loquor
579 941 840 992 absentem,
864 949 912 984 te
932 955 1024 984 vox
1045 954 1150 983 mea
1170 940 1388 982 nominat
1409 953 1579 992 unam余

364 999 511 1042 Nulla
531 1000 666 1042 venit
689 1000 791 1042 sine
814 1005 864 1042 te
885 1014 978 1042 nox
1000 999 1132 1048 mihi,
1153 998 1288 1041 nulla
1309 997 1425 1042 dies.

308 1057 432 1113 Quin
455 1059 598 1101 etiam
623 1059 692 1101 sic
713 1073 787 1100 me
810 1059 977 1101 dicunt
998 1058 1154 1101 aliena
1175 1057 1400 1108 locutum,

365 1117 434 1160 Ut
456 1116 580 1160 foret
603 1118 781 1159 amenti
803 1132 975 1160 nomen
996 1117 1045 1159 in
1068 1131 1148 1159 ore
1169 1120 1323 1159 tuum.

309 1174 361 1218 Si
383 1176 477 1217 iam
499 1176 729 1227 deficiam,
755 1176 1106 1233 subpressaque
1128 1175 1292 1230 lingua
1313 1174 1474 1231 palato

362 1234 458 1277 Vix
479 1235 715 1278 instillato
736 1234 1036 1278 restituenda
1056 1247 1199 1285 mero,

304 1291 510 1336 Nuntiet
532 1292 624 1336 huc
645 1294 818 1350 aliquis
841 1293 1080 1336 dominam
1104 1292 1307 1343 venisse,
1329 1305 1595 1348 resurgam,

366 1350 578 1408 Spesque
598 1352 671 1394 tui
691 1353 829 1395 nobis
853 1366 996 1395 causa
1015 1351 1195 1406 vigoris
1219 1350 1323 1394 erit.

305 1409 433 1466 Ergo
456 1424 544 1466 ego
566 1424 672 1453 sum
695 1411 872 1454 dubius
894 1410 1038 1461 vitae,
1061 1417 1116 1453 tu
1137 1409 1346 1453 forsitan
1365 1407 1476 1453 istic

361 1468 635 1512 Iucundum
655 1471 813 1512 nostri
831 1470 994 1512 nescia
1014 1474 1205 1525 tempus
1225 1466 1368 1524 agis?

301 1526 412 1570 Non
433 1528 538 1584 agis
556 1546 566 1580 余
597 1528 807 1571 adfirmo.
871 1527 1046 1584 Liquet
1068 1527 1171 1579 hoc,
1193 1526 1456 1577 carissima,
1477 1525 1630 1580 nobis,

360 1585 567 1642 Tempus
589 1588 669 1641 agi
692 1588 793 1630 sine
813 1601 888 1629 me
909 1602 1006 1629 non
1027 1587 1122 1629 nisi
1141 1587 1282 1630 triste
1303 1585 1406 1628 tibi.

306 1643 358 1688 Si
378 1650 543 1688 tamen
565 1645 768 1702 inplevit
789 1660 893 1688 mea
916 1660 1034 1695 sors,
1057 1659 1175 1702 quos
1198 1644 1379 1694 debuit,
1400 1656 1566 1696 annos,

363 1702 429 1745 Et
451 1704 570 1746 mihi
592 1704 785 1747 vivendi
805 1709 904 1747 tam
925 1705 1020 1748 cito
1041 1704 1151 1747 finis
1173 1703 1324 1753 adest,

305 1759 547 1816 Quantum
569 1772 683 1813 erat,
706 1776 733 1805 o
758 1763 935 1819 magni,
959 1763 1193 1812 morituro
1213 1774 1422 1818 parcere,
1439 1757 1553 1814 divi,

361 1820 431 1863 Ut
455 1821 627 1863 saltem
649 1821 804 1877 patria
825 1821 1184 1865 contumularer
1204 1821 1351 1863 humo
1367 1817 1389 1862 P

299 1876 393 1922 Vel
415 1881 565 1934 poena
578 1879 635 1927 *in
659 1890 848 1936 tempus
869 1880 1037 1923 mortis
1060 1880 1210 1923 dilata
1230 1879 1417 1929 fuisset,

361 1937 453 1980 Vel
474 1938 796 1994 praecepisset
817 1953 945 1981 mors
967 1946 1220 1994 properata
1239 1937 1420 1993 fugam.

302 1994 502 2051 Integer
522 1997 646 2039 hanc
667 1996 804 2049 potui
823 2011 976 2054 nuper
997 1997 1118 2040 bene
1138 1998 1340 2041 reddere
1358 1995 1543 2049 lucem3

359 2054 485 2097 Exul
506 2061 561 2097 ut
583 2055 858 2105 occiderem,
882 2069 1010 2099 nunc
1032 2056 1150 2098 mihi
1170 2057 1271 2100 vita
1292 2055 1405 2098 data
1424 2059 1514 2098 est.

300 2111 417 2156 Tam
442 2113 605 2168 procul
628 2114 805 2170 ignotis
827 2114 980 2169 igitur
1001 2114 1259 2158 moriemur
1279 2115 1332 2157 in
1348 2112 1459 2165 oris,

360 2170 425 2213 Et
447 2171 563 2214 fient
584 2172 689 2228 ipso
710 2172 868 2215 tristia
890 2173 990 2216 fata
1011 2173 1112 2216 loco
1131 2190 1141 2223 余

299 2228 401 2272 Nec
423 2243 530 2272 mea
550 2238 779 2279 consueto
802 2232 1115 2287 languescent
1135 2242 1334 2287 corpora
1354 2230 1492 2282 lecto,

358 2287 643 2344 Depositum
663 2303 750 2332 nec
771 2305 848 2332 me
870 2290 952 2346 qui
974 2290 1100 2340 fleat,
1122 2289 1251 2332 ullus
1273 2289 1392 2339 erit3

299 2344 402 2389 Nec
425 2346 640 2389 dominae
661 2347 869 2391 lacrimis
893 2349 943 2391 in
966 2357 1132 2391 nostra
1154 2347 1436 2391 cadentibus
1459 2359 1543 2390 ora

355 2404 598 2448 Accedent
621 2406 806 2449 animae
825 2411 1043 2463 tempora
1063 2421 1210 2463 parva
1229 2419 1390 2458 meae余

296 2461 399 2506 Nec
419 2463 644 2506 mandata
666 2464 798 2515 dabO,
822 2480 909 2508 nec
929 2480 1039 2508 cum
1060 2466 1263 2508 clamore
1286 2476 1510 2520 supremo

356 2520 597 2565 Labentes
619 2523 780 2565 oculos
803 2524 974 2567 condet
995 2524 1147 2567 amica
1173 2536 1361 2573 manus,

300 2578 396 2623 Sed
433 2580 538 2623 sine
570 2580 823 2625 funeribus
858 2587 1002 2638 caput
1037 2583 1139 2633 hoc,
1174 2582 1276 2624 sine
1311 2580 1492 2624 honore
1525 2577 1733 2635 sepulcri

355 2637 719 2695 Indeploratum
739 2640 941 2683 barbara
960 2646 1094 2684 terra
1113 2644 1247 2696 teget
1264 2638 1274 2682 1

298 2695 497 2752 Ecquid,
519 2697 601 2739 ubi
624 2698 851 2749 audieris,
873 2703 974 2741 tota
995 2698 1249 2748 turbabere
1265 2699 1443 2749 mente,

355 2754 420 2798 Et
442 2753 584 2798 feries
607 2757 782 2811 pavida
802 2762 996 2814 pectora
1018 2757 1113 2801 fida
1134 2771 1279 2799 manu
1300 2755 1320 2799 P

297 2812 499 2868 Ecquid,
521 2813 577 2859 in
594 2813 680 2856 has
701 2815 888 2858 frustra
907 2816 1110 2859 tendens
1133 2821 1219 2858 tua
1239 2812 1435 2857 brachia
1453 2815 1633 2870 partes,

358 2870 595 2916 Clamabis
617 2872 781 2916 miseri
802 2888 978 2917 nomen
997 2874 1138 2917 inane
1158 2872 1287 2918 viri?

1903 530 1960 573 10

1898 823 1956 867 15

1899 1116 1958 1161 20

1894 1701 1954 1747 30

1890 1993 1950 2039 35

1889 2285 1949 2355 40
