2051 3181
306 118 375 168 30
987 125 1177 161 TRISTIA
1212 125 1287 160 111.

311 245 439 303 Quid
473 243 564 289 tibi
597 258 706 288 cum
742 241 935 286 Ponto?
980 256 1098 285 num
1134 246 1182 283 te
1221 255 1409 298 quoque
1445 239 1664 284 Caesaris
1700 239 1773 284 ira

369 304 648 348 Extremam
671 302 818 359 gelidi
840 302 974 343 misit
997 302 1046 343 in
1069 300 1197 343 orbis
1220 298 1457 343 humum}>

312 364 506 409 Scilicet,
528 369 750 420 expectas
774 361 970 403 solitum
993 360 1082 402 tibi
1103 359 1250 402 moris
1274 360 1519 413 honorem,

369 423 582 466 Pendeat
605 436 662 464 ex
682 421 863 463 umeris
886 419 1037 462 vestis
1060 424 1115 462 ut
1136 419 1246 461 alba
1267 419 1399 470 meis,

311 481 514 525 Fumida
535 481 760 537 cingatur
781 479 1063 521 florentibus
1085 492 1167 520 ara
1188 478 1391 521 coronis.
1913 475 1971 520 15

369 541 587 596 Micaque
612 539 828 582 sollemni
850 538 976 579 turis
999 537 1052 578 in
1073 537 1185 591 igne
1209 542 1361 588 sonet,

311 599 524 656 Libaque
555 599 665 641 dem
695 597 886 653 proprie
919 596 1134 651 genitale
1166 595 1388 639 notantia
1417 600 1627 652 tempus,

371 658 743 714 Concipiamque
766 657 913 699 bonas
935 670 1016 698 ore
1039 656 1231 697 favente
1252 654 1452 711 preces?

309 716 422 762 Non
442 717 513 760 ita
535 731 642 759 sum
664 715 865 772 positus,
888 729 977 757 nec
1000 719 1116 756 sunb
1137 728 1191 756 ea
1211 718 1433 770 bempora
1450 712 1605 766 nobis',

369 776 598 820 Adventu
619 775 801 832 possim
823 774 979 816 laeuus
1003 779 1058 816 ut
1081 787 1186 816 esse
1207 778 1307 816 tuo.
1913 768 1972 814 20

311 834 519 879 Funeris
542 849 624 877 ara
645 833 780 883 mihi,
801 833 938 875 ferali
959 832 1117 875 cincta
1137 845 1383 888 cupressu,

371 892 609 938 Convenit}
631 900 678 936 en
700 892 901 935 sbructis
924 891 1116 934 flamma
1137 897 1305 947 parata
1325 890 1472 946 rogis.

310 952 415 997 Nec
438 952 550 996 dare
571 956 684 995 tura
705 951 822 995 libet
844 950 915 993 nil
936 951 1181 994 exorantia
1203 950 1356 1000 divos,

370 1012 431 1056 In
462 1011 614 1054 tantis
647 1010 859 1054 subeunb
891 1024 979 1052 nec
1011 1009 1133 1052 bona
1163 1009 1311 1052 verba
1340 1009 1494 1052 malis.

312 1069 366 1116 Si
386 1074 550 1114 tamen
572 1074 645 1114 est,
667 1069 853 1126 aliquid
873 1068 1012 1112 nobis
1035 1068 1124 1111 hac
1147 1068 1251 1111 luce
1273 1068 1552 1124 petendum,
1916 1061 1976 1109 25

369 1129 429 1172 In
450 1130 554 1173 loca
575 1144 635 1172 ne
654 1128 826 1172 redeas
848 1128 1057 1184 amplius
1079 1128 1187 1178 ista,
1210 1141 1393 1184 precor,

304 1187 437 1233 Dum
458 1203 534 1232 me
554 1191 796 1232 terrarum
819 1202 930 1244 pars
953 1201 1104 1244 paene
1125 1186 1405 1238 novissima,
1428 1185 1624 1239 Pontus,

365 1247 586 1291 Euxinus
607 1247 730 1292 falso
751 1246 946 1290 nomine
967 1246 1142 1298 dicbus,
1164 1245 1324 1289 habet.

1021 1445 1164 1491 XIV.

308 1544 482 1589 Cultor
504 1547 552 1588 eb
573 1544 779 1588 antistes
801 1542 1054 1588 docborum
1077 1547 1241 1587 sancte
1262 1542 1494 1596 virorum,

374 1602 502 1659 Quid
521 1602 657 1654 facis,
680 1602 875 1658 ingenio
898 1617 1086 1660 semper
1107 1603 1258 1646 amice
1279 1601 1422 1645 meo?

314 1662 517 1718 Ecquid,
549 1668 606 1706 ut
637 1662 926 1705 incolumem
959 1661 1200 1719 quondam
1232 1661 1471 1704 celebrare
1504 1660 1707 1711 solebas,

371 1720 517 1765 Nunc
538 1735 742 1779 quoque,
763 1736 825 1764 ne
846 1721 1012 1764 videar
1030 1724 1165 1764 bobus
1188 1720 1369 1772 abesse,
1392 1734 1532 1763 caves
1550 1719 1570 1764 Ρ

317 1779 536 1837 Suspicis
557 1781 771 1835 exceptis
795 1779 966 1836 ecquid
987 1794 1094 1823 mea
1113 1779 1325 1822 carmina
1347 1779 1461 1823 solis
1949 1775 1977 1820 5

373 1837 594 1891 Artibus,
617 1838 793 1882 artifici
815 1853 938 1895 quae
958 1853 1166 1882 nocuere
1189 1838 1314 1882 suo?

320 1897 472 1941 Immo
493 1898 562 1941 ita
583 1898 671 1948 fac,
692 1912 884 1954 quaeso,
905 1902 1073 1940 vanum
1095 1897 1312 1940 studiose
1332 1910 1584 1950 novorum,

377 1956 574 2013 Quaque
594 1961 747 2013 potes,
770 1958 925 2000 retine
946 1971 1119 2013 corpus
1140 1956 1191 1999 in
1212 1955 1347 2000 Urbe
1369 1969 1543 1998 meum.

316 2016 409 2059 Est
439 2015 559 2072 fuga
589 2015 718 2059 dicta
747 2015 884 2066 mihi,
915 2030 1012 2058 non
1043 2021 1120 2059 est,
1150 2015 1270 2072 fuga
1300 2014 1432 2058 dicta
1461 2011 1652 2067 libellis,

378 2073 473 2129 Qui
493 2074 675 2117 domini
693 2088 896 2130 poenam
915 2089 1015 2118 non
1034 2088 1256 2118 meruere
1277 2073 1368 2117 sui.
1919 2068 1979 2114 10

321 2132 473 2190 Saepe
493 2147 580 2190 per
601 2137 840 2176 extremas
861 2133 1099 2190 profugus
1120 2139 1265 2190 pater
1285 2132 1446 2176 exulat,
1468 2145 1592 2183 oraS,

378 2191 511 2235 Urbe
531 2196 691 2235 tamen
713 2192 840 2235 natis
862 2192 1015 2235 exulis
1039 2206 1146 2235 esse
1166 2192 1292 2235 licet.

319 2249 530 2294 Palladis
552 2250 768 2307 exemplo
789 2251 847 2294 de
868 2265 947 2293 me
970 2251 1071 2294 sine
1093 2255 1248 2294 matre
1267 2254 1430 2294 creata

379 2308 604 2353 Carmina
635 2316 776 2353 sunt:
821 2310 972 2367 stirps
1003 2309 1119 2353 haec
1149 2308 1503 2366 progeniesque
1532 2321 1641 2351 mea
1669 2312 1759 2352 est.

320 2367 463 2412 Hanc
491 2368 584 2412 tibi
613 2368 908 2418 commendo,
941 2383 1062 2424 quae
1093 2382 1189 2425 quo
1219 2367 1375 2425 magis
1407 2367 1522 2411 orba
1551 2371 1750 2423 parente
1782 2370 1871 2419 est,
1918 2363 1976 2409 15

379 2426 486 2470 Hoc
505 2426 597 2469 bibi
615 2427 771 2471 tutori
792 2427 982 2471 sarcina
1002 2427 1154 2470 maior
1173 2426 1280 2470 erit..

318 2485 438 2529 Tres
458 2485 582 2528 mihi
602 2490 718 2528 sunt,
738 2486 840 2529 nabi
861 2486 1088 2543 contagia
1108 2489 1276 2529 nostra
1297 2483 1480 2529 secuti:

382 2542 555 2588 Cetera
573 2543 651 2587 fac
671 2558 812 2587 curae
836 2544 900 2588 sib
919 2545 1011 2588 tibi
1031 2545 1174 2588 curba
1194 2544 1366 2601 palam.

324 2601 454 2646 Sunb
485 2616 676 2660 quoque
705 2607 935 2652 mutatae,
965 2606 1043 2646 ber
1074 2603 1288 2660 quinque
1320 2599 1579 2654 volumina,
1609 2599 1807 2654 formae,

382 2660 609 2706 Carmina
629 2660 688 2704 de
709 2661 891 2705 domini
911 2661 1081 2705 funere
1102 2668 1243 2718 rapta
1265 2661 1355 2705 sui.
1921 2656 1980 2701 20

322 2719 455 2763 Illud
474 2734 596 2776 opus
618 2720 794 2777 pobuib,
817 2721 860 2763 si
879 2734 977 2763 non
997 2721 1134 2777 prius
1156 2721 1261 2778 ipse
1280 2719 1530 2778 perissem,

383 2776 576 2823 Gerbius
606 2793 634 2822 a
665 2793 854 2822 summa
882 2794 1058 2822 nomen
1087 2779 1263 2823 habere
1289 2793 1450 2822 manu.

321 2837 467 2882 Nunc
486 2837 808 2881 incorrecbum
827 2838 997 2894 populi
1016 2839 1235 2895 pervenit,
1255 2838 1305 2881 in
1327 2852 1424 2889 ora,

384 2896 444 2940 In
464 2896 631 2954 populi
651 2896 908 2954 quicquam
931 2897 972 2939 si
993 2903 1159 2940 tamen
1181 2912 1259 2940 ore
1282 2897 1377 2940 mei
1397 2899 1489 2940 esf„
