2100 3230
862 164 1055 198 Tfflsrm
1089 165 1166 202 111.
1792 158 1856 208 19

174 279 451 337 Bosphoros
484 283 534 324 et
563 279 742 324 Tanais
775 283 1011 335 superant
1046 279 1375 339 Scythiaeque
1408 282 1609 339 paludes

232 340 330 384 Vix
352 340 471 384 satis
494 344 544 384 et
565 340 670 384 noti
690 341 886 383 nomina
908 354 1063 397 pauca
1093 340 1198 384 loci.
1800 346 1856 391 50

173 399 398 446 Ulterius
419 399 545 444 nihil
568 405 642 444 est
664 400 760 444 nisi
781 414 878 444 non
903 399 1165 444 habitabile
1185 399 1360 457 frigus.

232 459 345 504 Heu
366 474 511 517 quam
531 459 695 503 vicina
716 463 793 503 est
815 459 987 503 ultima
1007 464 1141 504 terra
1161 459 1283 503 mihi
1304 460 1314 504 l

170 517 242 564 At
264 520 406 577 longe
427 519 584 575 patria
606 524 696 571 est,
718 519 863 575 longe
885 520 1136 563 carissima
1160 534 1195 563 c‹
1216 520 1386 574 niunX,

233 578 477 637 Quicquid
499 584 547 623 et
568 579 688 623 haec
707 579 847 622 nobis
871 585 982 636 post
1008 579 1103 622 duo
1125 579 1266 623 dulce
1289 580 1402 624 fuit.

172 637 255 683 Sic
276 646 443 683 tamen
464 639 583 682 haec
604 639 801 691 adsunt,
824 645 879 682 ut
903 654 1024 696 quae
1048 640 1331 694 contingere
1353 654 1454 684 non
1477 644 1555 686 est
1801 640 1854 686 55

232 696 443 756 Corpore
462 718 472 743 :
505 703 622 742 sunt
643 699 806 742 animo
829 705 1005 742 cuncta
1027 698 1236 742 videnda
1256 714 1376 744 meo.

169 757 303 803 Ante
322 758 487 803 oculos
509 766 672 803 errant
695 759 883 810 domus,
906 759 1121 815 urbsque
1145 766 1193 802 et
1216 759 1369 803 forma
1389 759 1620 813 locorum,

227 817 583 876 Acceduntque
605 818 708 862 suis
730 818 926 875 singula
946 817 1073 861 facta
1095 818 1227 862 10018.

168 876 408 934 Coniugis
429 883 543 922 ante
564 878 742 930 oculos,
766 878 893 921 sicut
916 878 1199 934 praesentis,
1222 879 1386 936 imago
1408 883 1496 923 est.

229 936 321 982 Illa
341 952 472 982 meos
495 952 634 982 casus
656 938 898 994 ingravat,
919 937 1001 980 illa
1023 938 1154 982 levat
1174 957 1183 982 :
1796 937 1853 984 60

168 995 406 1053 Ingravat
427 997 533 1050 hoc,
555 997 683 1057 quod
705 998 872 1051 abest;
906 997 1036 1041 levat
1057 998 1164 1047 hoc,
1188 996 1318 1054 quod
1339 1002 1556 1056 praestat
1577 1011 1792 1043 amorem

226 1056 600 1116 Inpositumque
623 1057 716 1102 sibi
737 1057 877 1101 firma
898 1063 1066 1101 tuetur
1088 1072 1225 1101 onus.

166 1114 272 1161 Vos
293 1131 485 1175 quoque
505 1118 782 1175 pectoribus
805 1117 989 1161 nostris
1012 1117 1240 1168 haeretis,
1263 1117 1421 1172 amici,

226 1175 401 1221 Dicere
423 1191 544 1236 quos
567 1177 710 1235 cupio
731 1177 928 1221 nomine
950 1191 1188 1234 quemque
1212 1192 1314 1221 suo.

169 1234 268 1280 Sed
288 1237 435 1280 timor
453 1237 664 1282 officium
684 1243 855 1281 cautus
880 1239 1158 1295 compescit,
1183 1242 1230 1281 et
1252 1237 1385 1295 ipsos
1562 1257 1567 1262 ’
1793 1235 1850 1280 65

225 1294 288 1339 In
307 1300 477 1341 nostro
496 1297 613 1354 poni
634 1296 848 1341 carmine
867 1297 997 1340 nolle
1016 1302 1154 1354 puto.

165 1353 299 1400 Ante
318 1356 570 1409 volebatis,
591 1357 814 1415 gratique
837 1362 941 1400 erat
963 1362 1121 1400 instar
1141 1356 1354 1409 honoris,

224 1414 461 1461 Versibus
482 1416 534 1460 in
554 1417 737 1461 nostris
759 1416 956 1461 nomina
975 1422 1139 1460 vestra
1159 1416 1271 1474 legi.

166 1473 309 1530 Quod
330 1475 558 1534 quoniam
578 1482 653 1520 est
674 1491 866 1534 anceps,
889 1476 1018 1519 intra
1040 1490 1146 1519 mea
1166 1480 1365 1534 pectora
1388 1487 1629 1534 quemque

224 1533 494 1593 Adloquar‚
516 1541 564 1580 et
586 1536 710 1580 nulli
731 1550 878 1580 causa
897 1536 1088 1580 timoris
1113 1551 1208 1580 ero.
1794 1531 1850 1579 70

162 1592 213 1638 N
216 1608 268 1638 00
289 1610 427 1639 meus
448 1595 626 1640 indicio
646 1596 888 1640 latitantis
912 1609 1086 1639 versus
1110 1596 1292 1640 amicos

223 1653 488 1699 Protrahit.
538 1654 739 1700 Occulte
762 1655 918 1714 siquis
940 1655 1147 1707 amabat,
1168 1659 1312 1700 amet.

166 1711 300 1758 Scite
322 1719 502 1767 tamen,
525 1715 747 1773 quamvis
770 1715 917 1771 longa
938 1715 1134 1771 regione
1155 1720 1372 1760 remotus

222 1771 412 1827 Absim,
433 1789 520 1819 vos
543 1774 706 1819 animo
727 1789 917 1832 semper
937 1774 1110 1819 adesse
1130 1789 1237 1818 meo
1257 1793 1267 1826 3

163 1831 230 1877 Et
251 1847 348 1891 qua
369 1834 575 1892 quisque
594 1837 773 1892 potest,
793 1834 956 1892 aliqua
977 1834 1104 1878 mala
1124 1839 1293 1878 nostra
1312 1833 1486 1886 levate,
1790 1828 1844 1876 75

223 1892 394 1937 Fidam
415 1894 632 1952 proiecto
651 1908 774 1938 neve
793 1899 973 1951 negate
994 1908 1207 1937 manum.

163 1950 405 2009 Prospera
427 1953 498 1997 sic
519 1959 712 1997 maneat
732 1953 871 1998 vobis
894 1954 1101 2005 fortuna,
1126 1967 1215 1997 nec
1235 1963 1471 2008 umquam

223 2011 447 2058 Contacti
468 2013 618 2058 simili
639 2017 772 2059 sorte
792 2013 976 2071 rogetis
998 2012 1142 2077 idem,

844 2175 907 2223 V.

161 2310 296 2355 Usus
317 2310 558 2357 amicitiae
577 2316 740 2357 tecum
761 2313 882 2357 mihi
901 2328 1099 2371 parvus,
1119 2316 1178 2358 ut
1201 2312 1338 2358 illam

219 2370 333 2414 Non
354 2386 496 2428 aegre
518 2387 685 2429 posses
710 2373 1033 2425 dissimulare,
1057 2374 1169 2426 fuit,

161 2429 265 2473 Nec
286 2445 364 2474 me
385 2432 664 2489 complexus
685 2432 861 2476 vinclis
883 2433 1188 2490 propioribus
1213 2444 1345 2476 esses

220 2489 359 2533 Nave
379 2496 670 2544 meavento,
692 2491 872 2544 forsan,
894 2498 1040 2536 eunte
1065 2506 1165 2536 8110.

161 2547 231 2592 Ut
252 2549 417 2601 cecidi,
437 2550 697 2608 cunctique
718 2557 852 2595 metu
873 2552 924 2594 fu
931 2566 1046 2609 gere
1068 2551 1275 2602 ruinam,
1814 2545 1839 2588 5

219 2607 472 2667 Versaque
493 2610 732 2654 amicitiae
752 2615 894 2666 terga
915 2611 1091 2654 dedere
1114 2624 1260 2662 meae,

160 2665 329 2711 Ausus
351 2683 403 2712 08
425 2668 539 2725 igne
559 2668 693 2713 Iovis
714 2684 1001 2727 percussum
1023 2675 1227 2727 tangere
1246 2681 1423 2727 corpus

221 2725 287 2770 Et
308 2726 582 2784 deploratae
603 2728 752 2772 limen
773 2729 906 2772 adire
928 2729 1098 2773 domus
1116 2748 1125 2772 z

161 2783 320 2842 quue
338 2801 504 2830 recens
524 2792 750 2845 praestas
773 2802 862 2832 nec
883 2788 1028 2845 longo
1050 2787 1276 2845 cognitus
1300 2799 1409 2841 11811,

223 2843 362 2899 Quod
380 2847 803 2891 vetemmfflisero
823 2847 905 2892 vix
927 2848 1022 2891 duo
1043 2853 1208 2892 tresve
1226 2845 1364 2890 mihi.
1781 2840 1838 2885 10

160 2900 280 2946 Vidi
301 2918 390 2961 ego
412 2904 640 2949 confusos
663 2906 844 2958 vultus,
864 2906 1093 2964 visosque
1122 2905 1304 2959 notavi,

223 2960 386 3020 Osque
407 2964 608 3009 madens
630 2964 747 3009 fletu
768 2965 1094 3023 pallidiusque
1124 2979 1247 3018 11100,

1467 2379 1488 2393 Q
