2132 3262
806 160 998 196 TRISTIA
1033 164 1106 199 111.
1733 168 1794 219 17

112 261 265 309 Parce
284 269 450 312 tamen
471 269 685 317 lacerare
708 289 873 332 genas,
897 291 985 322 nec
1007 280 1172 326 scinde
1195 286 1390 341 capillos
1410 308 1421 334 :

170 323 285 370 Non
306 327 399 371 tibi
419 344 550 375 nunc
571 332 797 389 primum,
823 335 907 380 lux
927 352 1048 391 mea,
1073 348 1243 400 raptus
1269 360 1362 391 ero.

111 382 236 429 Cum
258 388 470 445 patriam
491 392 647 445 amisi,
669 399 789 438 tunc
812 410 889 440 me
912 400 1117 454 periisse
1139 411 1320 457 putato.

168 443 235 488 Et
257 447 389 504 prior
410 454 459 492 et
479 452 676 507 gravior
696 468 826 500 mors
850 455 946 501 fuit
967 459 1051 504 illa
1072 462 1204 507 mihi.

106 501 267 558 Nunc,
300 507 343 551 si
372 507 501 554 forte
532 515 836 569 poteS‚—Sed
866 532 965 561 non
997 526 1148 575 potes,
1182 526 1365 582 optima
1397 531 1680 585 coniunx,—
1733 537 1788 581 55

166 563 347 610 Finitis
370 569 527 626 gaude
549 575 622 615 tot
643 573 763 616 mihi
785 583 943 621 morte
963 580 1121 625 malis.

109 621 250 680 Quod
270 633 425 684 potes,
448 636 655 676 extenua
676 633 793 678 forti
815 637 943 681 mala
964 641 1106 685 corde
1127 641 1340 696 ferendo,

162 683 245 729 Ad
266 700 389 744 quae
409 688 503 733 iam
525 692 713 748 pridem
736 710 833 739 non
857 698 978 742 rude
1000 707 1171 757 pectus
1196 705 1356 751 habes.

101 741 271 802 Atque
289 748 478 792 utinam
500 758 701 808 pereant
719 755 911 800 animae
932 773 1043 803 cum
1065 775 1263 821 corpore
1284 777 1493 824 nostrae,

163 803 482 866 Effugiatque
503 812 672 856 avidos
696 828 810 871 pars
832 817 954 861 mihi
975 820 1111 865 nulla
1131 838 1286 881 rogos.
1730 836 1786 882 60

100 861 228 908 Nam
251 866 293 910 si
315 873 473 913 morte
493 884 662 917 carens
685 889 839 920 vacua
861 879 991 924 volat
1012 880 1140 927 altus
1163 884 1215 928 in
1237 900 1354 931 aura

162 923 392 982 Spiritus,
415 933 464 973 et
490 929 640 975 Samii
663 941 781 979 sunt
803 943 909 981 rata
932 939 1062 985 dicta
1084 945 1230 997 senis,

97 982 240 1029 Inter
264 984 559 1034 Sarmaticas
583 991 802 1038 Romana
821 999 1084 1054 vagabitur
1105 1006 1318 1059 umbras,

158 1043 347 1104 Perque
368 1048 494 1093 feros
518 1065 683 1096 manes
705 1054 903 1113 hospita
924 1074 1114 1118 semper
1136 1066 1227 1110 erit
1247 1087 1256 1111 :

96 1101 223 1149 Ossa
244 1110 410 1151 tamen
430 1108 579 1155 facito
601 1127 752 1171 parva
772 1116 1050 1164 referantur
1071 1123 1121 1166 in
1145 1139 1295 1180 urna3
1720 1133 1775 1180 65

158 1163 237 1209 Sic
260 1181 350 1224 ego
372 1183 468 1213 non
490 1171 638 1215 etiam
661 1181 886 1220 mortuus
911 1181 1020 1224 exul
1043 1196 1136 1228 ero.

94 1222 207 1268 Non
239 1232 375 1272 vetat
405 1229 495 1274 hoc
527 1232 810 1291 quisquam:
857 1237 1065 1285 fratrem
1096 1244 1325 1292 Thebana
1356 1258 1666 1311 peremptum

155 1282 427 1344 Supposuit
448 1293 639 1337 tumulo
660 1309 774 1352 rege
795 1303 994 1344 vetante
1017 1316 1166 1349 soror.

91 1342 260 1401 Atque
283 1362 337 1391 ea
358 1363 468 1393 cum
489 1350 620 1396 foliis
643 1358 691 1398 et
713 1359 892 1401 amomi
917 1361 1114 1416 pulvere
1137 1366 1302 1420 misce,

148 1403 307 1463 Inque
327 1408 606 1456 suburbano
626 1415 824 1460 condita
843 1433 970 1476 pone
993 1422 1118 1476 solo;
1719 1435 1772 1481 70

91 1461 321 1524 Quosque
342 1468 473 1528 legat
495 1485 669 1517 versus
692 1476 832 1520 oculo
855 1491 1144 1537 properante
1167 1487 1339 1542 viator,

151 1523 428 1573 Grandibus
450 1529 502 1574 in
523 1532 660 1577 tituli
681 1549 920 1583 marmore
941 1542 1086 1588 caede
1108 1548 1238 1590 notis
1256 1567 1265 1591 ε

88 1595 174 1628 HIC
193 1620 202 1629 .
218 1599 309 1631 EGO
328 1623 337 1632 .
355 1600 439 1642 QUI
455 1624 465 1634 .
483 1602 623 1637 IAOEO
642 1627 651 1636 .
670 1607 962 1643 TENERORUM
980 1635 989 1645 .
1014 1615 1160 1648 LUSOR
1179 1640 1187 1649 .
1206 1621 1415 1654 AMORUM

146 1657 346 1702 nyGENIO
368 1682 378 1692 .
401 1650 559 1695 PERII⁵.
580 1665 699 1698 NASO
719 1689 727 1698 .
745 1669 919 1702 POETA.
938 1673 1048 1706 MEO·

85 1715 145 1747 AT
162 1738 172 1748 .
189 1718 288 1750 ΤΙΒΙ
306 1742 315 1750 .
330 1720 414 1761 QUI
430 1744 440 1753 .
459 1723 677 1757 TRANSIS.
696 1728 759 1759 NE
777 1751 785 1759 .
805 1730 877 1771 SLT
895 1752 904 1762 .
925 1732 1078 1767 GRAVE
1096 1758 1106 1768 .
1131 1737 1559 1782 QUISQUIS.AMAST1
1713 1732 1766 1774 75

144 1777 319 1810 DICERE
341 1802 349 1811 .
367 1782 563 1816 NASONIS
583 1808 591 1817 .
611 1786 871 1822 MOLLITER.
889 1793 995 1825 OSSA
1012 1816 1022 1826 .
1043 1796 1240 1831 CUBENT.

84 1821 192 1868 Hoc
215 1827 336 1872 satis
358 1828 409 1872 in
429 1831 579 1876 titulo
599 1838 690 1878 est.
744 1836 942 1884 Etenim
966 1844 1148 1889 maiora
1170 1847 1321 1894 libelli

144 1883 210 1929 Et
230 1885 466 1933 diuturna
485 1893 646 1950 magis
670 1903 787 1941 sunt
808 1901 1112 1948 monimenta
1132 1907 1269 1961 mihi,

84 1940 214 1999 Quos
239 1960 328 2005 ego
350 1950 556 2005 confido,
579 1957 803 2010 quamvis
827 1973 1049 2013 nocuere,
1074 1965 1272 2012 daturos
1576 2022 1582 2028 ⁴

141 2003 334 2051 Nomen
357 2012 405 2053 et
426 2014 614 2056 auctori
635 2018 856 2073 tempora
877 2019 1022 2078 longa
1045 2038 1146 2068 suo.
1707 2028 1764 2077 80

81 2059 157 2106 Tu
178 2071 342 2111 tamen
364 2070 579 2116 extincto
600 2072 769 2120 feralia
790 2092 991 2125 munera
1013 2090 1208 2142 semper'

139 2122 312 2183 Deque
331 2128 434 2173 tuis
457 2130 670 2177 lacrimis
693 2137 861 2181 umida
883 2148 1011 2185 serta
1032 2143 1163 2190 dato.

73 2179 314 2238 Quamvis
336 2187 387 2231 in
409 2189 598 2236 cineres
622 2208 796 2252 corpus
818 2204 1082 2248 mutaverit
1104 2205 1249 2262 ignis,

140 2241 332 2291 Sentiet
353 2248 561 2294 officium
583 2261 774 2300 maesta
793 2256 963 2304 favilla
984 2262 1133 2318 pium.
1734 2328 1752 2336 ν

79 2299 303 2349 Scribere
322 2307 464 2363 plura
482 2310 617 2356 libet.
682 2313 780 2359 Sed
801 2332 895 2362 vox
915 2321 1037 2365 mihi
1058 2323 1186 2370 fessa
1205 2326 1445 2386 loquendo
1699 2327 1754 2377 39

135 2361 368 2410 Dictandi
388 2369 518 2414 vires
545 2373 768 2432 Siccaque
790 2377 958 2436 lingua
980 2396 1142 2439 negat.

75 2419 257 2480 Accipe
280 2439 506 2483 supremo
527 2430 713 2478 dictum
735 2436 857 2481 mihi
877 2438 1083 2485 forsitan
1106 2459 1200 2496 ore,

133 2479 288 2538 Quod,
309 2486 402 2532 tibi
423 2489 509 2548 qui
529 2492 702 2546 mittit,
724 2510 824 2540 non
843 2497 990 2545 habet
1012 2501 1132 2559 ipse,
1154 2507 1263 2552 vale
1281 2507 1293 2554 Ξ

133 2830 356 2889 Oognite,
377 2851 454 2882 res
477 2848 735 2900 postquam
758 2850 1059 2902 procubuere
1081 2870 1228 2910 meae,

69 2886 257 2937 ‘Usibus
280 2894 453 2942 edocto
475 2899 519 2943 si
540 2902 801 2961 quicquam
824 2909 976 2952 credis
1001 2913 1166 2967 amico,

73 2972 76 2973 ν
129 2948 260 2996 Vive
281 2954 376 2999 tibi
397 2961 446 3002 et
465 2957 613 3018 longe
634 2964 834 3010 nomina
854 2982 1031 3027 magna
1053 2972 1180 3031 fuge.

871 3048 904 3080 B

338 3089 368 3134 θ’
