2084 3246
814 197 1005 232 TRISTIA
1041 201 1113 234 111.

126 313 337 371 Quilibet
359 313 484 359 hanc
506 329 649 360 saevo
670 315 823 359 vitam
846 315 965 358 mihi
990 315 1130 359 finiat
1154 331 1268 361 ense
1287 335 1296 369 ;

183 374 263 418 Me
283 378 448 418 tamen
472 376 685 419 extincto
707 374 837 418 fama
857 380 1105 432 superstes
1131 377 1234 428 erit,

124 433 352 492 Dumque
375 435 476 478 suis
499 435 677 479 victrix
699 449 891 478 omnem
916 436 974 478 de
997 436 1245 480 montibus
1268 436 1434 481 orbem

184 493 457 552 Prospiciet
479 495 720 539 domitum
744 495 922 538 Martia
946 495 1112 546 Roma,
1137 496 1283 553 legar.
1327 496 1343 550 Ι

122 553 197 598 Tu
217 568 423 616 quoque,
446 569 593 612 quam
617 555 771 599 studii
793 561 989 599 maneat
1011 554 1199 600 felicior
1221 570 1355 608 usus,

185 613 362 671 Effuge
380 619 628 668 venturos,
651 630 748 673 qua
768 624 922 673 potes,
945 630 1102 673 usque
1124 631 1269 674 rogos
1288 616 1298 661 Ξ

876 799 1022 845 VIII.

123 915 270 963 Nunc
307 931 397 974 ego
435 915 728 974 Triptolemi
762 930 987 972 cuperem
1019 916 1286 961 consistere
1323 931 1485 972 curru,

184 977 323 1021 Misit
344 977 395 1020 in
417 975 637 1032 ignotam
659 975 745 1033 qui
766 976 887 1019 rude
910 991 1072 1020 semen
1095 976 1300 1020 humum
1320 996 1330 1030 ;

121 1036 268 1083 Nunc
289 1051 378 1094 ego
400 1036 600 1080 Medeae
621 1036 799 1080 vellem
822 1035 1014 1080 frenare
1037 1036 1287 1089 dracones,

184 1096 315 1153 Quos
339 1095 511 1140 habuit
532 1096 724 1151 fugiens
749 1111 869 1146 arce,
894 1095 1142 1148 Corinthe,
1166 1101 1279 1150 tua3

123 1156 269 1203 Nunc
291 1171 380 1213 ego
402 1155 653 1200 iactandas
677 1161 896 1212 optarem
922 1171 1113 1200 sumere
1137 1171 1338 1212 pennas,

189 1216 305 1261 Sive
325 1222 450 1267 tuas,
473 1215 671 1267 Persen,
695 1215 919 1266 Daedale,
946 1216 1046 1259 sive
1068 1222 1179 1259 tuas
1200 1235 1210 1260 ε

123 1275 195 1322 Ut
215 1282 386 1320 tenera
405 1275 587 1320 nostris
610 1275 810 1319 cedente
833 1276 1074 1320 volatibus
1098 1290 1215 1319 aura

185 1335 473 1394 Aspicerem
494 1336 683 1393 patriae
705 1336 844 1379 dulce
865 1341 1067 1393 repente
1101 1336 1272 1388 solum,

128 1395 452 1453 Desertaeque
475 1395 647 1439 domus
671 1396 855 1446 vultus,
877 1410 1211 1453 memoresque
1235 1396 1440 1450 sodales,

186 1456 403 1513 Caraque
425 1455 684 1512 praecipue
706 1456 926 1513 coniugis
952 1470 1033 1498 ora
1062 1470 1208 1499 meae.

129 1514 310 1568 Stulte,
333 1514 451 1573 quid
473 1515 591 1559 haec
610 1514 800 1558 frustra
821 1516 951 1559 votis
974 1515 1244 1572 puerilibus
1270 1521 1422 1571 optas,

187 1574 321 1632 Quae
341 1589 440 1619 non
462 1575 563 1618 ulla
584 1575 675 1618 tibi
696 1573 888 1633 fertque
918 1574 1138 1632 feretque
1161 1575 1263 1619 dies
1282 1575 1301 1618 P

82 1678 86 1683 .
129 1633 184 1680 Si
206 1634 355 1678 semel
375 1634 642 1692 optandum
664 1640 752 1686 est,
777 1635 994 1692 Augusti
1015 1650 1199 1678 numen
1230 1635 1390 1687 adora,

188 1695 269 1747 Et,
291 1709 438 1753 quem
461 1694 671 1745 sensisti,
694 1695 788 1738 rite
810 1709 1010 1752 precare
1032 1694 1191 1738 deum.

126 1753 220 1799 Ille
240 1754 330 1798 tibi
352 1768 630 1812 pennasque
653 1761 817 1811 potest
839 1769 1108 1811 currusque
1131 1753 1348 1797 volucres

187 1814 410 1858 Tradere.
456 1813 553 1858 Det
574 1814 800 1864 reditum,
823 1814 1050 1870 protinus
1075 1814 1173 1857 ales
1201 1814 1312 1857 eris.

131 1872 186 1920 Si
205 1888 374 1930 precer
393 1873 702 1930 hoc—neque
725 1874 854 1917 enim
875 1888 1075 1930 possum
1098 1874 1283 1916 maiora
1304 1887 1536 1929 rogare—

189 1933 266 1977 Ne
287 1948 392 1977 mea
415 1933 530 1985 sint,
552 1933 713 1984 timeo,
736 1940 849 1976 vota
871 1933 1091 1976 modesta
1112 1947 1299 1989 parum.

130 1992 356 2038 Forsitan
377 1992 469 2036 hoc
489 1992 618 2042 olim,
640 2007 751 2035 cum
772 1993 869 2036 iam
892 1993 1143 2036 satiaverit
1165 1993 1303 2041 iram,

191 2053 330 2096 Tunc
350 2067 542 2110 quoque
565 2052 771 2096 sollicita
791 2059 968 2102 mente,
991 2052 1238 2109 rogandus
1263 2051 1372 2095 erit.

132 2111 271 2169 Quod
301 2113 464 2155 minus
496 2112 684 2155 interea
716 2117 807 2162 est,
839 2112 997 2155 instar
1028 2113 1148 2155 mihi
1181 2110 1397 2154 muneris
1430 2109 1612 2167 ampli;

192 2172 264 2215 Ex
285 2171 362 2215 his
386 2186 463 2215 me
484 2172 648 2215 iubeat
672 2171 887 2228 quolibet
910 2172 979 2215 ire
1001 2171 1134 2214 locis.

130 2230 235 2277 Nec
255 2231 455 2280 caelum,
475 2245 564 2274 nec
587 2245 739 2288 aquae
759 2230 961 2283 faciunt,
983 2245 1072 2274 nec
1092 2236 1238 2282 terra,
1261 2245 1348 2274 nec
1369 2243 1515 2274 aurae
1532 2244 1545 2282 ς

192 2291 252 2334 Ei
273 2290 405 2341 mihi,
428 2298 695 2348 perpetuus
719 2305 919 2348 corpora
941 2291 1143 2347 languor
1165 2290 1340 2334 habet!

137 2349 235 2396 Seu
253 2349 433 2394 vitiant
452 2354 589 2394 artus
613 2365 784 2406 aegrae
807 2350 1033 2406 contagia
1051 2350 1247 2399 mentis,

199 2409 313 2454 Sive
334 2409 431 2452 mei
450 2424 596 2453 causa
619 2419 694 2453 est
718 2410 767 2452 in
789 2410 986 2467 regione
1009 2409 1139 2461 mali,

133 2467 206 2515 Ut
225 2468 372 2524 tetigi
392 2468 620 2520 Pontum,
643 2475 822 2512 vexant
845 2470 1097 2521 insomnia,
1123 2467 1296 2526 vixque

195 2527 321 2573 Ossa
340 2528 468 2586 tegit
491 2529 682 2580 macies,
704 2543 793 2572 nec
814 2528 950 2571 iuvat
973 2543 1054 2571 ora
1077 2527 1211 2571 cibus
1230 2545 1241 2580 ;

137 2585 324 2645 Quique
344 2603 429 2645 per
450 2593 741 2631 autumnum
764 2588 1006 2645 percussis
1028 2587 1209 2642 frigore
1241 2587 1399 2644 primo

197 2646 290 2690 Est
313 2646 443 2691 color
463 2647 515 2689 in
535 2647 680 2698 foliis,
703 2662 824 2704 quae
845 2661 971 2691 nova
994 2647 1131 2690 laesit
1154 2646 1324 2697 hiems,

137 2705 190 2750 Is
211 2720 320 2749 mea
341 2706 558 2750 membra
578 2713 713 2750 tenet
731 2725 741 2758 3
775 2721 861 2750 nec
882 2706 1066 2749 viribus
1090 2705 1287 2749 adlevor
1310 2705 1439 2755 ullis,

198 2764 264 2808 Et
284 2780 551 2823 numquam
573 2766 762 2823 queruli
784 2780 930 2808 causa
952 2766 1132 2809 doloris
1155 2765 1306 2808 abest.

138 2822 244 2867 Nec
264 2825 435 2868 melius
458 2825 606 2876 valeo,
629 2840 774 2882 quam
795 2840 1007 2881 corpore,
1030 2834 1207 2875 mente,
1233 2825 1318 2868 sed
1339 2838 1484 2881 aegra
1505 2827 1580 2867 est

199 2882 421 2941 Utraque
437 2899 551 2941 pars
574 2899 723 2941 aeque
746 2884 956 2941 binaque
979 2884 1155 2927 damna
1175 2883 1293 2926 fero.

141 2940 327 2986 Haeret
347 2948 398 2986 et
418 2949 532 2987 ante
552 2943 716 2987 oculos
736 2943 891 2986 veluti
915 2942 1177 2999 spectabile
1200 2956 1374 2999 corpus

203 3000 351 3045 Astat
374 3003 596 3047 fortunae
617 3001 774 3046 forma
793 3002 1001 3059 legenda
1022 3016 1154 3045 meae
1172 3020 1181 3043 :

1743 189 1806 238 23

1752 378 1810 425 50

1755 1453 1812 1500 10

1754 1753 1813 1797 15

1756 2051 1815 2094 20

1758 2345 1815 2390 25

1759 2641 1817 2687 30

1761 2937 1817 2982 35
