2051 3181
284 149 347 198 18
960 160 1152 196 'rmsru
1185 160 1258 195 111.

283 277 410 323 Vive
431 275 538 329 tibi,
557 278 890 333 quantumque
911 279 1049 330 potes
1071 273 1358 330 praelustria
1377 274 1480 317 vita
1500 291 1509 318 τ

346 335 555 380 Saevum
575 334 835 390 praelustri
854 332 1040 376 fulmen
1060 333 1119 376 ab
1141 333 1254 388 igne
1273 332 1420 376 venit.

286 393 435 450 [Nam
458 407 748 451 quamquam
771 392 858 435 soli
879 397 1086 447 possunt
1107 391 1336 449 prodesse
1358 394 1596 448 potentes,

343 453 455 496 Non
476 452 629 509 prosit
650 451 826 507 potius,
847 451 1113 507 plurimum
1134 450 1298 493 obesse
1319 449 1514 506 potest.]

285 511 475 567 Effugit
497 511 720 554 hibernas
744 509 952 552 demissa
972 514 1199 552 antemna
1219 509 1467 565 procellas,

345 570 559 626 Lataque
580 569 687 626 plus
709 568 869 624 parvis
891 568 996 611 vela
1016 568 1202 611 timoris
1226 567 1416 610 habent.

285 628 497 684 Aspicis,
518 632 575 670 ut
598 641 785 670 summa
806 631 967 670 cortex
987 626 1106 669 levis
1129 626 1316 669 innatet
1336 625 1481 676 unda,

345 687 467 730 Cum
490 701 634 742 grave
654 700 775 728 nexa
797 685 942 727 simul
961 685 1083 728 retia
1103 690 1290 741 mergat
1312 698 1432 727 onus
1452 684 1472 728 P

286 744 421 789 Haec
444 759 531 801 ego
555 744 593 786 si
615 744 826 786 monitor
847 743 1058 787 monitus
1081 743 1216 799 prius
1240 743 1344 798 ipse
1364 743 1582 797 fuissem,

348 804 407 846 In
429 818 523 860 qua
544 802 787 852 debebam,
809 802 1008 845 forsitan
1031 800 1163 845 Urbe
1188 800 1354 845 forem.

288 861 418 906 Dum
442 868 605 904 tecum
625 861 737 910 vixi,
761 861 877 903 dum
899 875 974 903 me
994 860 1113 903 levis
1134 875 1250 904 aura
1270 859 1469 908 ferebat,

346 920 478 963 Haec
499 934 605 963 mea
626 934 710 975 per
731 919 942 975 placidas
964 920 1135 962 cumba
1156 919 1374 963 cucurrit
1396 931 1559 974 aquas.

289 978 386 1035 Qui
408 979 532 1022 cadit
553 979 603 1020 in
623 978 922 1034 plan0‚-—vix
942 978 1032 1022 hoc
1053 984 1216 1021 tamen
1236 977 1397 1021 evenit
1416 978 1637 1034 ipsum—

351 1037 429 1081 Sic
451 1037 593 1086 cadit,
615 1041 671 1080 ut
694 1042 823 1079 tacta
846 1051 1042 1092 surgere
1062 1036 1218 1093 possit
1238 1037 1411 1080 humo:

287 1095 357 1140 At
378 1095 527 1139 miser
549 1095 757 1151 Elpenor
778 1099 907 1139 tecto
929 1095 1152 1151 delapsus
1175 1095 1235 1138 ab
1254 1095 1355 1140 alto

350 1153 570 1198 Occurrit
586 1154 692 1210 regi
713 1154 883 1197 debilis
905 1154 1075 1197 umbra
1097 1168 1195 1197 suo.

290 1212 416 1269 Quid
437 1212 545 1264 fuit,
568 1217 622 1256 ut
644 1218 776 1256 tutas
798 1213 1005 1269 agitaret
1035 1212 1277 1256 Daedalus
1298 1212 1413 1265 alas,

351 1271 518 1315 Icarus
540 1271 781 1314 inmensas
803 1272 994 1315 nomine
1019 1271 1179 1328 signet
1201 1271 1383 1329 aquas?

289 1329 478 1386 Nempe
497 1330 627 1387 quod
648 1329 724 1372 hic
747 1331 856 1381 alte,
878 1330 1136 1374 demissius
1156 1330 1235 1374 ille
1256 1331 1470 1382 volabat3

348 1388 475 1432 Nam
496 1402 678 1445 pennas
701 1389 839 1432 ambo
859 1404 956 1432 non
976 1389 1186 1433 habuere
1208 1403 1335 1433 suas.

291 1447 444 1491 Crede
465 1447 599 1499 mihi,
621 1447 737 1490 bene
758 1448 840 1504 qui
860 1447 1019 1500 latuit,
1040 1448 1160 1492 bene
1180 1448 1316 1498 vixit,
1338 1451 1387 1492 et
1407 1447 1537 1493 intra

350 1505 615 1549 Fortunam
637 1506 778 1549 debet
798 1506 1000 1563 quisque
1023 1521 1214 1550 manere
1236 1521 1385 1550 suam.

289 1563 401 1608 Non
422 1563 549 1607 foret
571 1564 812 1608 Eumedes
835 1565 994 1617 orbus,
1018 1565 1060 1608 si
1080 1565 1210 1609 filius
1233 1565 1337 1609 eius

353 1622 548 1667 Stultus
569 1622 814 1667 Achilleos
835 1638 931 1667 non
952 1623 1221 1669 adamasset
1242 1637 1414 1680 equos;

292 1679 341 1724 Ν
344 1695 395 1724 ec
416 1686 585 1725 natum
605 1682 656 1724 in
677 1682 868 1725 flamma
890 1682 1102 1735 vidisset,
1123 1683 1174 1726 in
1194 1683 1363 1726 arbore
1383 1687 1540 1735 natas,

352 1739 571 1795 Cepisset
592 1740 781 1796 genitor
801 1740 842 1784 si
862 1741 1166 1786 Phaethonta
1187 1741 1395 1798 Merops.

295 1797 368 1841 Tu
393 1813 582 1854 quoque
602 1798 808 1842 formida
827 1799 1028 1843 nimium
1051 1800 1276 1845 sublimia
1295 1813 1497 1858 semper,

351 1855 697 1914 Propositique‚
720 1872 900 1914 precor,
923 1859 1151 1902 contrahe
1172 1859 1280 1903 vela
1298 1859 1384 1910 tui.
1411 1911 1472 1918 g„
1501 1908 1505 1910 ,

292 1913 420 1958 Nam
441 1916 560 1971 pede
580 1915 814 1960 inoffenso
838 1917 1049 1973 spatium
1070 1917 1321 1962 decurrere
1346 1917 1477 1962 vitae

350 1972 541 2030 Dignus
564 1988 614 2017 es
637 1981 685 2019 et
706 1975 801 2019 fato
824 1976 1097 2020 candidiore
1116 1976 1228 2020 frui.

293 2030 429 2087 Quae
448 2046 536 2088 pro
556 2035 604 2076 t‘e
624 2038 681 2077 ut
700 2047 912 2086 voveam,
932 2035 1039 2078 miti
1058 2035 1239 2092 pietate
1257 2033 1457 2079 mereris

354 2090 667 2148 Haesuraque
687 2091 780 2135 fide
800 2098 990 2150 tempus
1011 2094 1062 2137 in
1083 2108 1225 2138 omne
1244 2092 1378 2136 mihi.

291 2147 408 2192 Vidi
432 2163 520 2206 ego
540 2154 590 2193 te
613 2150 701 2193 tali
720 2151 859 2194 vultu
881 2166 988 2195 mea
1008 2152 1109 2196 fata
1128 2157 1416 2209 gementem,

354 2205 555 2261 Qualem
576 2208 803 2252 credibile
824 2214 899 2252 est
919 2225 999 2254 ore
1019 2211 1169 2255 fuisse
1188 2225 1307 2256 meo.

293 2263 476 2308 Nostra
495 2271 604 2309 tuas
626 2267 727 2310 vidi
747 2267 964 2312 lacrimas
987 2283 1132 2326 super
1151 2283 1233 2313 ora
1252 2269 1491 2320 cadenteS,

352 2323 585 2380 Tempore
605 2339 725 2382 quas
746 2340 843 2369 uno
863 2327 1052 2384 fidaque
1081 2328 1226 2372 verba
1246 2328 1357 2372 bibi.

293 2381 438 2425 Nunc
468 2396 658 2440 quoque
689 2391 980 2428 summotum
1016 2386 1178 2430 studio
1209 2385 1428 2430 defendis
1458 2383 1680 2438 amicum,

355 2439 419 2482 Et
441 2441 566 2485 mala
586 2442 663 2484 vix
685 2442 783 2485 ulla
804 2449 939 2498 parte
960 2444 1164 2488 levanda
1184 2446 1330 2489 levas.

292 2496 418 2540 Vive
439 2499 543 2543 sine
563 2499 759 2551 invidia,
782 2502 1044 2559 mollesque
1065 2503 1300 2559 inglorius
1322 2515 1473 2547 annos

355 2555 524 2613 Exige,
545 2558 779 2601 amicitias
803 2565 849 2603 et
871 2561 961 2603 ffibi
983 2562 1129 2618 iunge
1151 2576 1302 2618 pareS,

293 2612 599 2673 Nasonisque
620 2617 705 2668 tui,
729 2618 856 2672 quod
878 2620 1033 2663 adhuc
1054 2634 1150 2663 non
1172 2621 1333 2663 exulat
1351 2632 1520 2670 unum,

353 2672 542 2718 Nomen
563 2688 696 2719 ama:
734 2675 989 2733 Scythicus
1011 2683 1169 2722 cetera.
1188 2679 1373 2722 Pontus
1394 2678 1552 2720 habet.

940 2765 1048 2812 IVb.

294 2840 519 2889 Proxima
540 2846 777 2890 sideribus
800 2849 941 2892 tellus
967 2850 1338 2906 Erymanthidos
1359 2863 1501 2894 ursae

352 2900 432 2946 Me
451 2907 599 2957 tenet,
620 2906 854 2951 adstricto
875 2913 1002 2952 terra
1022 2914 1222 2966 perusta
1241 2909 1367 2966 gelu.

1883 856 1942 901 15

1886 1148 1945 1193 20

1889 1441 1945 1486 25

1889 1734 1945 1778 30

1886 2026 1942 2073 35
