2084 3246
805 207 996 244 TRISTIA
1032 212 1104 247 111.
1733 214 1806 269 27

106 309 261 358 Nulla
281 315 405 360 mihi
425 331 537 362 cum
559 325 706 378 gente
728 322 828 368 fera
850 330 1137 373 commercia
1160 331 1389 391 linguae:

167 372 345 420 Omnia
365 376 563 424 solliciti
587 386 705 426 sunt
726 382 829 427 loca
851 386 995 443 plena
1017 398 1196 434 metus.
1744 406 1802 450 10

104 431 274 493 thue
294 435 447 495 fugax
469 440 628 484 avidis
651 457 827 488 cervus
852 446 1122 504 deprensus
1147 452 1207 494 ab
1231 454 1375 510 ursis,

164 493 435 555 Cinctaque
455 503 701 546 montanis
726 511 781 548 ut
804 515 949 562 pavet
973 524 1101 567 agna
1122 511 1267 570 lupis,

103 551 188 598 Sic
209 570 301 614 ego
323 556 569 617 belligeris
593 576 622 605 a
643 565 874 619 gentibus
899 569 1116 627 undique
1139 580 1340 631 saeptus

160 614 380 671 Terreor,
414 618 558 665 hoste
588 637 753 667 meum
785 641 938 683 paene
971 641 1223 685 premente
1255 634 1402 682 latus.

99 672 266 734 thue
289 678 356 722 sit
376 679 610 738 exiguum
633 698 832 741 poenae,
857 689 987 744 quod
1010 692 1215 750 coniuge
1237 709 1358 747 cara,
1739 703 1797 750 15

159 734 300 792 Quod
320 740 482 796 patria
504 755 642 786 careo
664 745 1052 807 pignoribusque
1075 755 1210 806 meis,

97 793 168 840 Ut
189 796 320 841 mala
340 800 477 845 nulla
497 800 654 847 feram
675 806 773 848 nisi
795 808 977 853 nudam
1003 810 1225 858 Caesaris
1248 816 1387 870 iram,

153 855 305 901 Nuda
325 873 500 917 parum
522 862 662 908 nobis
689 863 910 912 Caesaris
934 871 1006 914 ira
1027 874 1143 916 mali
1166 884 1240 919 est
1259 876 1279 920 P

95 913 164 960 Et
186 920 351 962 tamen
373 925 450 965 est
470 921 664 981 aliquis,
688 927 772 983 qui
793 929 999 973 vulnera
1020 933 1171 976 cruda
1195 942 1445 992 retractet,

155 974 327 1023 Solvat
349 983 400 1025 et
422 980 476 1025 in
497 997 658 1028 mores
681 1000 763 1030 ora
785 987 970 1034 diserta
991 1006 1122 1037 meos
1142 994 1162 1038 P
1730 1005 1792 1050 20

89 1034 153 1080 In
174 1051 323 1083 causa
343 1039 479 1085 facili
502 1044 658 1088 cuivis
681 1046 795 1091 licet
819 1064 927 1093 esse
950 1051 1208 1106 disertum,

152 1096 220 1142 Et
240 1099 470 1146 minimae
492 1104 623 1148 vires
646 1105 873 1166 frangere
896 1126 1077 1168 quassa
1099 1116 1279 1161 valent.

91 1155 338 1204 Subruere
360 1170 437 1205 est
459 1177 595 1208 arces
620 1170 668 1210 et
691 1170 877 1212 stantia
901 1174 1091 1217 moenia
1112 1176 1273 1222 virtus
1292 1195 1304 1231 ;

149 1216 430 1274 Quamlibet
451 1223 619 1279 ignavi
641 1229 965 1288 praecipitata
987 1244 1232 1290 premunt.

84 1275 200 1322 Non
219 1294 330 1324 sum
344 1296 434 1339 ego
451 1284 583 1341 quod
600 1285 805 1332 fueram.
853 1290 984 1346 Quid
1002 1293 1199 1340 inanem
1216 1301 1427 1355 proteris
1443 1303 1699 1350 umbram?
1724 1306 1783 1350 25

147 1337 278 1395 Quid
299 1340 512 1387 cinerem
536 1346 666 1391 saxis
689 1347 932 1408 bustaque
955 1361 1120 1399 nostra
1147 1360 1270 1413 petis
1292 1359 1312 1404 Ρ

83 1396 273 1444 Hector
293 1406 397 1447 erat
418 1407 555 1457 tunc,
579 1420 691 1451 cum
712 1409 840 1453 bello
861 1414 1078 1459 certabat
1096 1436 1105 1468 ;
1142 1424 1194 1461 at
1217 1419 1347 1463 idem

143 1459 359 1506 Vinctus
381 1463 446 1508 ad
467 1464 766 1513 Haemonios
789 1486 886 1514 non
911 1479 1014 1518 erat
1041 1475 1227 1521 Hector
1245 1495 1407 1538 equos.

80 1516 164 1563 Me
185 1534 391 1580 quoque,
414 1538 559 1582 quem
581 1542 727 1572 noras
751 1529 881 1584 olim,
907 1548 1004 1578 non
1025 1551 1133 1580 esse
1154 1547 1403 1588 memento
1423 1562 1433 1589 ε

142 1578 216 1623 Ex
237 1580 323 1626 illo
345 1591 582 1642 superant
604 1587 723 1632 haec
747 1591 1010 1637 simulacra
1033 1596 1151 1640 viro.
1721 1606 1781 1651 30

81 1637 212 1695 Quid
234 1641 510 1696 simulacra,
533 1646 685 1700 ferox,
709 1649 853 1695 dictis
879 1653 1083 1698 incessis
1108 1660 1325 1706 amaris?

139 1698 304 1754 Parce,
327 1717 512 1760 precor,
534 1722 703 1753 manes
728 1711 998 1757 sollicitare
1022 1731 1155 1761 meos
1176 1718 1186 1762 l

78 1756 259 1804 Omnia
279 1777 396 1808 vera
415 1771 540 1822 puta
560 1783 668 1811 mea
690 1771 907 1823 crimina,
932 1775 1003 1818 nil
1027 1777 1093 1821 sit
1117 1778 1167 1820 in
1190 1779 1306 1831 illis,

139 1818 279 1875 Quod
302 1825 461 1880 magis
484 1841 695 1872 errorem
718 1845 866 1888 quam
891 1835 1052 1879 scelus
1076 1852 1184 1882 esse
1207 1849 1348 1897 putes
1368 1876 1379 1887 .

75 1876 343 1926 Pendimus
366 1898 428 1927 en
448 1886 840 1944 profugi—satia
861 1900 946 1937 tua
968 1903 1168 1953 pectora
1185 1898 1441 1958 I—poenas
1717 1906 1776 1951 35

135 1939 398 2000 Exilioque
420 1959 596 2001 graves
619 1949 849 2008 exiliique
869 1953 988 1998 loco.

75 1995 308 2046 Carnifici
328 2002 530 2050 fortuna
550 2016 715 2064 potest
737 2026 844 2055 mea
866 2014 1026 2059 flenda
1048 2016 1239 2066 videri=

133 2059 199 2104 Et
219 2066 387 2108 tamen
409 2070 486 2109 est
509 2082 606 2111 uno
628 2069 787 2115 iudice
809 2087 974 2117 mersa
995 2078 1198 2131 parum!

74 2116 276 2166 Saevior
296 2138 348 2167 es
371 2125 507 2170 tristi
531 2127 774 2183 Busiride,
800 2135 989 2179 saevior
1010 2136 1110 2189 illo,

133 2178 231 2236 Qui
260 2181 441 2228 falsum
473 2186 609 2232 lento
641 2192 820 2236 torruit
854 2193 970 2251 igne
1003 2196 1191 2254 bovem,
1711 2206 1771 2254 40

71 2236 262 2298 Quique
284 2243 461 2289 bovem
487 2246 654 2292 Siculo
674 2250 834 2295 fertur
857 2254 1064 2301 donasse
1088 2264 1316 2317 tyranno,

130 2299 196 2345 Et
219 2301 365 2347 dictis
388 2311 518 2350 artes
542 2310 827 2356 conciliasse
850 2329 963 2359 suas
982 2335 991 2359 ε

68 2359 96 2379 “
111 2358 319 2406 Munere
339 2363 392 2407 in
414 2365 522 2419 hoc,
546 2383 643 2421 rex,
667 2377 742 2414 est
766 2388 903 2427 usuS,
929 2376 1016 2419 sed
1040 2377 1253 2435 imagine
1275 2398 1445 2435 maior,

125 2417 230 2464 Nec
253 2422 357 2467 sola
378 2430 452 2469 est
476 2429 635 2484 operis
657 2429 815 2475 forma
838 2435 1089 2489 probanda
1110 2440 1222 2485 mei.

65 2476 263 2536 Aspicis
285 2497 314 2526 a
336 2483 512 2530 dextra
532 2488 663 2532 latus
686 2490 776 2535 hoc
798 2494 1068 2552 adapertile
1091 2500 1257 2547 tauri?
1703 2505 1766 2551 45

126 2538 232 2584 Hac
253 2541 362 2595 tibi,
385 2558 531 2602 quem
550 2549 741 2605 perdes,
766 2555 1080 2601 coniciendus
1104 2560 1211 2604 erit.

64 2594 300 2645 Protinus
322 2602 573 2650 inclusum
595 2606 744 2653 lentis
768 2614 1061 2661 carbonibus
1085 2633 1171 2662 ure
1191 2639 1201 2665 :

125 2657 331 2717 Mugiet‚
356 2668 406 2707 et
427 2666 530 2709 veri
552 2683 644 2711 vox
669 2671 763 2713 erit
786 2672 872 2715 illa
895 2674 1046 2719 bovis.

62 2713 158 2760 Pro
189 2721 368 2777 quibus
399 2723 617 2771 inventis
652 2735 706 2773 ut
738 2747 919 2776 munus
954 2750 1157 2780 munere
1187 2754 1381 2796 penses,

123 2775 213 2830 Da,
235 2794 421 2837 precor,
443 2784 644 2842 ingenio
667 2792 883 2845 praemia
906 2794 1058 2851 digna
1080 2812 1187 2841 meo
1208 2800 1217 2843 Ξ
1237 2799 1262 2816 ”
1700 2804 1762 2850 50

61 2832 280 2883 Dixerat.
343 2840 413 2886 At
444 2843 665 2891 Phalaris
699 2853 726 2871 ‘⁶
745 2851 931 2896 Poenae
965 2855 1186 2901 mirande
1220 2866 1453 2915 repertor,

121 2895 235 2953 Ipse
257 2902 405 2945 tuum
426 2917 656 2959 praesens
680 2908 843 2954 imbue
864 2911 891 2928 ''
914 2913 1037 2957 dixit
1061 2919 1086 2935 ‘⁶
1104 2931 1224 2974 opus
1243 2919 1296 2961 1⁵⁹

60 2949 166 3000 Nec
186 2971 336 3012 mora,
360 2966 648 3009 monstratis
670 2970 937 3014 crudeliter
958 2973 1158 3031 ignibus
1184 2983 1328 3021 ustus

121 3014 358 3062 Exhibuit
379 3023 602 3076 geminos
624 3040 708 3069 ore
730 3039 959 3084 gement-e
982 3047 1139 3077 sonos.
