2084 3246
761 137 953 172 TRISTIA
990 140 1062 173 111.

69 245 256 292 Scaena
277 247 427 306 viget,
451 249 732 308 studiisque
755 251 889 296 favor
909 252 1215 300 distantibus
1237 257 1392 311 ardet,

125 307 319 365 Proque
338 309 500 353 tribus
522 317 755 356 resonant
781 322 918 356 terna
939 314 1138 359 theatra
1160 316 1295 360 foris.

67 365 108 411 O
131 374 318 424 quater,
340 383 368 412 o
389 370 614 426 quotiens
636 386 733 414 non
757 385 834 416 est
858 388 1131 427 numerare,
1155 376 1365 430 beatum,

124 426 237 471 Non
259 428 524 473 interdicta
544 430 623 474 cui
644 431 756 475 licet
781 431 913 477 Urbe
935 434 1034 477 frui
1057 436 1065 478 !

63 484 136 530 At
157 487 280 531 mihi
303 490 514 533 sentitur
536 490 619 533 nix
643 505 795 535 verno
819 493 917 536 sole
940 495 1113 546 soluta,

127 545 356 605 Quaeque
378 548 488 593 lacu
512 549 637 594 duro
657 566 754 595 non
778 551 1042 598 fodiuntur
1062 570 1117 613 aq
1128 570 1243 608 uae3

63 605 169 651 Nec
200 622 335 652 mare
367 611 636 655 concrescit
669 612 839 667 glacie,
873 628 961 657 nec
998 623 1050 658 ut
1083 626 1210 668 ante,
1244 631 1333 674 per
1364 618 1598 665 Histrum

127 665 351 712 Stridula
373 667 689 715 Sauromates
713 672 936 729 plaustra
958 674 1200 720 bubulcus
1223 678 1341 734 agit.

64 725 316 785 Incipient
337 728 527 787 aliquae
549 736 715 775 tamen
739 732 834 776 huc
855 734 1035 778 adnare
1059 737 1262 790 carinae,

124 787 432 847 Hospitaque
454 790 505 832 in
528 790 672 835 Ponti
697 792 839 836 litore
863 795 1041 851 puppis
1066 797 1174 840 erit.

66 844 279 892 Sedulus
300 862 554 894 occurram
575 857 768 905 nautae,
791 853 1016 912 dictaque
1039 856 1210 909 salute,

125 906 253 963 Quid
275 910 456 961 veniat,
480 925 724 968 quaeram,
747 914 918 970 quisve
941 916 1181 972 quibusve
1204 917 1337 962 locis.

62 965 155 1010 Ille
178 967 376 1025 quidem
397 970 578 1014 mirum
602 972 653 1015 ni
676 972 735 1016 de
757 974 953 1029 regione
977 978 1254 1035 propinqua

121 1026 235 1071 Non
257 1028 355 1072 nisi
378 1030 564 1075 vicinas
586 1036 729 1076 tutus
752 1035 902 1077 ararit
926 1050 1090 1092 aquas.

64 1085 224 1131 Rarus
247 1088 307 1132 ab
331 1088 478 1133 Italia
501 1095 697 1135 tantum
721 1108 852 1137 mare
874 1097 1042 1139 navita
1063 1098 1258 1150 transit,

122 1146 293 1192 Litora
322 1163 464 1193 rarus
498 1151 550 1194 in
583 1152 700 1196 haec
732 1155 972 1210 portubus
1006 1157 1121 1200 orba
1155 1159 1301 1203 venit.

65 1204 181 1251 Sive
200 1212 369 1252 tamen
395 1208 580 1254 Graeca
602 1214 779 1263 scierit,
804 1215 904 1258 sive
929 1216 1011 1259 ille
1035 1216 1212 1261 Latina

120 1266 253 1312 Voce
273 1268 618 1327 loqui‚—certe
641 1274 827 1329 gratior
849 1274 996 1319 huius
1021 1279 1114 1321 erit
1133 1296 1142 1329 ;

63 1325 160 1372 Fas
182 1341 373 1386 quoque
394 1329 455 1373 ab
478 1345 560 1375 ore
581 1331 693 1376 freti
719 1334 987 1391 longaeque
1010 1336 1336 1395 Propontidos
1360 1340 1506 1384 undis

120 1386 234 1432 Huc
255 1389 468 1447 aliquem
493 1401 626 1435 certo
650 1393 757 1436 vela
779 1395 973 1439 dedisse
993 1403 1172 1441 noto—

63 1445 298 1505 Quisquis
316 1449 356 1492 is
381 1454 472 1502 est,
495 1454 697 1496 memori
720 1469 968 1499 rumorem
989 1472 1106 1501 voce
1128 1457 1314 1502 referre

121 1507 186 1552 Et
208 1507 315 1552 fieri
335 1507 493 1554 famae
517 1526 728 1570 parsque
751 1515 1034 1574 gradusque
1056 1524 1232 1574 potest.

59 1565 126 1620 Is,
148 1582 332 1624 precor,
355 1570 553 1616 auditos
575 1574 732 1629 possit
753 1589 954 1619 narrare
976 1577 1256 1636 triumphos

120 1627 344 1672 Caesaris
366 1634 415 1672 et
438 1630 580 1675 Latio
602 1633 794 1678 reddita
814 1645 928 1679 Vota
952 1636 1072 1688 Iovi,

59 1686 239 1744 Teque,
261 1689 557 1741 rebellatrix,
582 1694 800 1745 tandem,
826 1694 1101 1749 Germania,
1124 1700 1293 1757 magni

118 1746 281 1792 Triste
301 1756 450 1806 caput
471 1752 678 1807 pedibus
702 1756 1023 1810 supposuisse
1044 1758 1195 1803 ducis.

57 1805 196 1851 Haec
226 1808 348 1852 mihi
379 1810 466 1867 qui
495 1812 694 1865 referet,
727 1828 850 1871 quae
880 1830 979 1860 non
1010 1817 1192 1863 vidisse
1226 1819 1411 1872 dolebo,

117 1867 207 1911 Ille
227 1882 362 1912 meae
382 1870 551 1915 domui
572 1874 799 1929 protinus
822 1875 1000 1932 hospes
1022 1878 1133 1922 erit.

57 1925 121 1970 Ei
150 1927 302 1971 mihi!
346 1929 509 1974 iamne
539 1931 715 1978 domus
750 1933 983 1993 Scythico
1014 1936 1227 1983 Nasonis
1261 1940 1313 1983 in
1345 1941 1458 1986 orbe
1490 1946 1581 1993 est,

115 1985 319 2046 Iamque
341 2003 484 2033 suum
506 1992 629 2035 mihi
651 1993 736 2037 dat
760 2009 848 2051 pro
869 1995 972 2040 lare
995 2011 1147 2054 poena
1170 1999 1326 2043 locum
1346 2001 1366 2045 P

56 2044 121 2089 Di
139 2046 303 2100 facite,
324 2053 382 2093 ut
405 2049 585 2094 Caesar
605 2067 705 2096 non
729 2054 807 2098 hic
829 2058 1079 2112 penetrale
1102 2058 1412 2118 domumque,

115 2105 404 2166 Hospitium
425 2125 610 2168 poenae
633 2113 720 2157 sed
741 2115 860 2159 velit
883 2131 990 2160 esse
1011 2132 1145 2162 meae
1165 2119 1174 2162 1

763 2282 912 2328 XIII.

56 2404 184 2450 Ecce
219 2422 556 2464 supervacuus
575 2435 634 2443 —-
651 2413 771 2470 quid
808 2416 938 2459 enim
976 2416 1075 2461 fuit
1112 2418 1237 2464 utile
1274 2419 1451 2477 gigni?
1470 2444 1529 2454 —

114 2464 198 2510 Ad
219 2481 307 2510 sua
328 2468 524 2514 Natalis
547 2476 770 2530 tempora
791 2482 961 2520 noster
981 2478 1135 2521 adest.

55 2522 204 2577 Dure,
228 2528 347 2584 quid
367 2529 430 2572 ad
451 2530 656 2576 miseros
679 2535 908 2578 veniebas
931 2537 1088 2580 exulis
1110 2553 1263 2583 annos
1281 2538 1301 2583 Ρ

114 2584 362 2631 Debueras
384 2589 482 2633 illis
505 2590 779 2648 inposuisse
801 2596 1015 2639 modum.

59 2641 114 2687 Si
132 2645 224 2688 tibi
245 2661 361 2690 cura
381 2649 490 2701 mei,
511 2651 589 2694 vel
612 2652 654 2695 si
676 2653 833 2709 pudor
854 2655 986 2698 ullus
1008 2656 1208 2708 inesset,

113 2702 228 2748 Non
248 2706 381 2750 ultra
401 2710 615 2765 patriam
637 2727 712 2755 me
735 2728 992 2771 sequerere
1015 2731 1184 2767 meam,

57 2761 261 2821 Quoque
279 2766 384 2810 loco
405 2769 619 2825 primum
640 2772 735 2815 tibi
757 2788 862 2816 sum
885 2776 1009 2818 male
1031 2778 1257 2832 cognitus
1281 2777 1458 2829 infans,

114 2821 207 2866 Illo
229 2831 525 2881 temptasses
547 2831 754 2876 ultimus
778 2847 885 2877 esse
905 2835 1040 2887 mihi,

55 2878 211 2938 Inque
231 2885 566 2942 relinquendo,
589 2892 716 2947 quod
733 2893 863 2936 idem
885 2893 1045 2938 fecere
1070 2895 1274 2948 sodales,

93 2940 186 2985 *Tu
208 2957 399 3002 quoque
423 2947 628 2992 dixisses
651 2951 814 2995 tristis
838 2954 888 2995 in
912 2954 1043 2997 Urbe
1066 2955 1188 2998 Vale.

1688 133 1754 183 29

1694 383 1752 428 25

1694 983 1752 1028 35

1690 1282 1749 1325 40

1689 1581 1747 1625 45

1689 1879 1747 1924 50

1711 2659 1736 2702 Οἵ

1680 2958 1738 3001 10
