2051 3181
273 170 335 217 26
952 180 1139 213 Tfflsrm
1173 179 1245 213 111.

273 298 336 342 Et
358 297 578 354 quamvis
600 296 771 340 boreas
793 295 979 339 iactatis
1003 295 1192 338 insonet
1215 295 1317 345 alis,
1871 292 1928 335 45

330 356 531 400 Fluctus
553 356 603 399 in
623 356 819 400 obsesso
841 355 1036 412 gurgite
1058 355 1223 397 nullus
1246 354 1337 397 erit
1356 370 1367 405 ;

271 416 589 472 Inclusaeque
612 415 724 472 gelu
746 415 944 458 stabunt
966 415 1015 456 in
1036 428 1270 456 marmore
1292 426 1493 470 puppes,

329 475 432 519 Nec
452 475 631 532 poterit
652 474 834 531 rigidas
858 473 1038 516 findere
1058 487 1220 516 remus
1242 487 1402 529 aquas.

270 535 498 580 Vidimus
522 535 571 577 in
595 534 745 590 glacie
767 534 922 590 pisces
945 532 1140 576 haerere
1161 532 1352 589 ligatos,

332 593 427 637 Sed
448 608 559 650 pars
583 608 639 636 ex
660 592 758 635 illis
781 598 901 635 tunc
921 605 1110 648 quoque
1131 591 1242 634 viva
1262 591 1369 634 fuit.
1873 587 1930 632 50

273 652 386 698 Sive
405 653 556 710 igitur
570 652 707 694 nimii
728 652 896 695 boreae
916 651 989 694 vis
1014 665 1154 694 saeva
1180 651 1400 702 marinas,

332 711 444 756 Sive
465 711 758 754 redundatas
779 710 978 753 flumine
994 710 1122 767 cogit
1146 724 1309 766 aquas,

268 770 517 822 Protinus,
539 776 743 827 aequato
767 770 904 813 siccis
927 768 1231 825 aquilonibus
1255 768 1442 818 Histro,

328 829 585 873 Invehitur
607 829 750 872 celeri
770 829 1003 872 barbarus
1026 827 1179 870 hostis
1203 842 1339 884 equo,

268 888 440 933 Hostis
462 902 585 946 equo
606 888 794 945 pollens
817 888 1054 945 longeque
1077 886 1266 929 volante
1290 886 1472 943 sagitta
1875 885 1931 930 55

326 948 550 992 Vicinam
572 948 667 990 late
690 947 1010 1004 depopulatur
1031 947 1247 989 humum.

267 1006 545 1065 Diffugiunt
566 1007 661 1057 alii,
682 1006 925 1063 nullisque
947 1005 1199 1051 tuentibus
1222 1017 1364 1060 agros

326 1065 655 1111 Incustoditae
675 1065 971 1122 diripiuntur
989 1080 1117 1122 ορ68,

265 1123 413 1170 Ruris
435 1140 549 1182 opes
572 1139 760 1181 parvae,
783 1140 930 1182 pecus
953 1130 1001 1168 et
1027 1123 1283 1168 stridentia
1305 1121 1526 1180 plaustra

326 1184 392 1229 Et
413 1199 533 1243 quas
556 1184 748 1227 divitias
771 1185 924 1228 incola
946 1199 1128 1242 pauper
1150 1183 1307 1226 habet.
1875 1180 1933 1225 60

266 1244 385 1288 Pars
407 1245 572 1300 agitur
591 1243 770 1287 vinctis
793 1255 903 1299 post
924 1250 1116 1300 tergum
1139 1250 1280 1299 capta
1300 1241 1507 1293 lacertis,

326 1303 610 1361 Respiciens
631 1302 817 1346 frustra
837 1317 953 1346 rura
973 1303 1215 1359 laremque
1233 1315 1390 1351 suum,

267 1363 386 1407 Pars
409 1362 538 1407 cadit
559 1362 767 1405 hamatis
789 1362 965 1406 misere
985 1362 1172 1406 confixa
1193 1359 1386 1417 sagittis
1405 1378 1414 1402 ε

325 1422 454 1466 Nam
476 1421 662 1465 volucri
684 1420 812 1465 ferro
834 1421 1020 1465 tinctile
1042 1422 1177 1464 virus
1195 1420 1338 1462 inest.

269 1481 400 1537 Quae
422 1485 671 1538 nequeunt
695 1494 856 1524 secum
877 1480 1006 1523 ferre
1028 1488 1112 1523 aut
1135 1479 1385 1527 abducere,
1409 1476 1636 1534 perdunt,
1876 1478 1934 1522 65

327 1541 393 1584 Et
414 1545 595 1584 cremat
619 1540 836 1583 insontes
859 1540 1045 1584 hostica
1066 1540 1260 1582 flamma
1283 1551 1431 1580 casas.

267 1600 405 1644 Tunc
427 1613 631 1657 quoque,
653 1613 765 1642 cum
787 1614 878 1655 pax
901 1604 989 1650 est,
1012 1598 1261 1656 trepidant
1280 1595 1537 1640 formidine
1559 1593 1685 1646 belli,

326 1659 431 1703 Nec
453 1659 710 1716 quisquam
731 1672 898 1715 presso
922 1672 1111 1702 vomere
1134 1658 1288 1700 sulcat
1308 1655 1526 1698 humum.

267 1717 372 1762 Aut
403 1717 536 1762 videt
566 1722 650 1761 aut
682 1718 862 1761 metuit
895 1718 1025 1761 locus
1057 1717 1147 1767 hic,
1180 1729 1323 1774 quem
1353 1728 1451 1757 non
1482 1714 1630 1765 videt,
1661 1713 1880 1766 hostem;

330 1777 500 1822 Cessat
521 1777 652 1820 iners
674 1776 835 1833 rigido
857 1782 987 1819 terra
1008 1776 1178 1819 relicta
1202 1776 1315 1819 situ.
1880 1774 1936 1819 70

267 1837 382 1881 Non
402 1837 480 1880 hic
502 1836 755 1891 pampinea
777 1836 931 1879 dulcis
955 1836 1075 1879 latet
1096 1849 1190 1878 uva
1214 1835 1303 1878 sub
1325 1831 1509 1883 umbra,

327 1895 375 1938 N
379 1910 430 1939 ec
453 1895 702 1938 cumulant
724 1895 846 1938 altos
869 1895 1051 1938 fervida
1073 1900 1234 1938 musta
1256 1895 1401 1936 lacus.

269 1955 419 1998 Poma
439 1963 587 2010 negat
610 1954 759 2009 regio.
808 1954 908 1997 Nec
929 1954 1127 1997 haberet
1148 1954 1399 2003 Acontius,
1421 1954 1472 1997 in
1488 1964 1584 2010 quo

331 2013 576 2057 Scriberet
597 2015 676 2056 hic
694 2013 913 2056 dominae
936 2014 1082 2056 verba
1102 2013 1308 2069 legenda
1331 2027 1460 2056 suae.

268 2073 527 2128 Aspiceres
549 2074 703 2116 nudos
729 2072 832 2115 sine
853 2071 1038 2121 fronde,
1063 2072 1166 2115 sine
1188 2072 1357 2116 arbore
1380 2083 1607 2128 campos:
1881 2068 1938 2116 75

328 2131 441 2175 Heu
462 2131 563 2175 loca
584 2131 713 2175 felici
734 2146 832 2174 non
853 2131 1075 2175 adeunda
1093 2132 1199 2174 viro
1217 2131 1227 2174 Ξ

269 2190 401 2247 Ergo
422 2194 523 2234 tam
543 2190 640 2234 late
661 2194 827 2247 pateat
849 2205 961 2234 cum
981 2191 1217 2234 maximus
1239 2189 1386 2242 orbis,

327 2250 464 2295 Haec
485 2254 559 2294 est
578 2250 631 2293 in
651 2264 851 2307 poenam
871 2256 1004 2294 terra
1025 2258 1216 2306 repert-a
1235 2263 1406 2293 meam.

999 2431 1090 2475 XI.

273 2538 439 2598 Siquis
460 2554 524 2593 es,
547 2538 755 2584 insultes
779 2540 864 2598 qui
885 2541 1091 2590 casibus,
1115 2539 1344 2596 improbe,
1366 2538 1565 2593 nostris,

331 2600 507 2658 Meque
527 2614 663 2643 reum
685 2599 879 2656 dempto
903 2599 997 2642 fine
1019 2607 1248 2642 cruentus
1272 2613 1404 2655 agas,

271 2658 434 2704 Natus
458 2673 507 2701 es
531 2673 556 2702 e
578 2659 804 2713 scopulis,
825 2659 1049 2702 nutritus
1073 2659 1200 2701 lacte
1220 2657 1387 2710 ferino,

333 2718 399 2761 Et
422 2718 576 2761 dicam
600 2717 756 2760 silices
778 2724 948 2774 pectus
972 2717 1148 2760 habere
1171 2722 1323 2759 tuum.

275 2776 397 2832 Quis
422 2776 604 2833 gradus
626 2776 838 2827 ulterior,
863 2790 958 2832 quo
981 2790 1030 2818 se
1050 2781 1138 2818 tua
1158 2775 1377 2831 porrigat
1399 2774 1485 2826 ira,
1911 2772 1939 2820 5

336 2836 510 2879 Restat
530 2835 550 2878 P
582 2834 760 2891 quidve
781 2835 901 2877 meis
926 2835 1081 2877 cernis
1103 2835 1271 2877 abesse
1296 2834 1428 2876 malis
1448 2833 1469 2877 P

275 2894 489 2938 Barbara
510 2908 587 2937 me
610 2893 756 2936 tellus
779 2898 827 2937 et
847 2893 1092 2949 inhospita
1113 2893 1257 2935 litora
1277 2892 1420 2935 Ponti

338 2953 558 3010 Cumque
582 2967 668 2995 suo
689 2952 834 2995 borea
854 2952 1091 2995 Maenalis
1115 2967 1226 2994 ursa
1248 2952 1392 2994 videt.
